3025 4892
901 71 909 118 l

399 281 736 350 commutamus
761 281 1026 352 HISTORICUS.
1181 283 1266 354 -sss

168 448 231 508 iam
245 446 399 529 superiore
416 447 480 512 825
501 449 714 508 Constantinus
733 447 823 508 rebus
840 445 1077 509 Christianorum
1095 447 1270 510 ordinandis

168 538 308 614 inprimis
331 537 364 591 iu
388 535 514 593 concilio
530 537 689 593 Nicaeensi
705 554 830 613 operam
851 531 977 593 dederit.
1020 536 1157 594 concidet
1178 538 1271 614 igitur

171 632 224 679 aut
245 621 400 678 vacillabit
422 617 498 679 fides
517 640 622 678 eorum
640 639 718 701 quae
732 623 872 679 Zosimus
885 619 943 680 hoc
958 622 1025 680 loco
1040 619 1180 694 tradidit,
1209 622 1271 679 uisi

171 727 208 764 ea
227 707 267 763 ita
294 708 388 784 accipi
408 715 438 762 et
457 707 602 786 explicari
621 707 767 780 velimus,
799 716 833 764 ut
849 717 1015 765 statuamus
1031 709 1271 782 Constantinum,

71 850 74 855 ,
170 789 349 850 iamdudum
372 792 410 848 ab
431 791 533 870 aliquo
547 790 715 852 Christiano
738 789 779 849 ad
794 793 889 870 ipsius
904 793 1083 870 religionem
1097 793 1270 870 pellectmn,

171 878 225 936 ubi
236 879 412 934 necessariis
424 879 537 935 necatis
553 880 671 935 animus
686 881 750 936 eius
767 879 987 936 excruciaretur
996 881 1113 958 ,quasi
1127 877 1270 956 despera-

171 963 209 1021 tis
222 963 327 1037 rebus,
360 964 558 1035 conscientiae
578 961 730 1021 doloribus
745 961 888 1022 sedandis
902 983 991 1042 opem
1009 983 1026 1020 a
1046 965 1150 1042 patriis
1165 965 1271 1022 ritibus

170 1051 303 1127 petiisse,
325 1067 378 1126 spe
393 1049 578 1106 lustrationis
594 1059 697 1106 nartem
712 1047 924 1127 adipiscendae
937 1047 1112 1108 destitutum
1124 1046 1270 1108 ChrIstiu-

170 1153 279 1194 norum
291 1132 363 1191 fidei
374 1143 473 1191 totum
484 1153 517 1191 se
530 1136 563 1191 in
577 1145 731 1212 posterum
744 1132 907 1193 dedidisse.

255 1222 414 1298 Utcunque
431 1229 532 1276 autem
546 1239 578 1278 se
593 1217 686 1278 habet
700 1222 830 1278 namatio
845 1239 890 1295 ea,
907 1221 971 1278 sive
989 1238 1087 1277 errore
1102 1218 1195 1276 animi
1208 1227 1273 1276 orta

171 1305 235 1364 sive
255 1305 405 1362 calumnia
425 1307 517 1362 etiam
538 1304 679 1380 conficta,
708 1325 763 1386 pro
781 1317 951 1366 commento
965 1315 1067 1362 tamen
1082 1307 1196 1363 Zosimi
1210 1323 1274 1362 uon

171 1388 312 1448 habenda
325 1400 398 1447 erat.
420 1390 568 1447 increbuit
579 1395 661 1448 enirn
672 1411 718 1465 ea,
731 1401 766 1449 ut
778 1411 817 1449 ex
824 1391 1060 1450 Sozomeuiloco
1072 1389 1205 1470 quodam
1213 1387 1274 1446 huc
1326 1391 1329 1396 '

171 1473 396 1581 transcribendo
416 1473 559 1533 discimus
578 1478 657 1534 iuter
673 1473 811 1536 homines
832 1477 986 1554 gentiles
977 1495 1039 1533 ram
1060 1487 1128 1534 ante
1143 1485 1273 1534 aetatem

171 1563 297 1618 Zosimi.
341 1554 399 1623 ονἰι
414 1555 516 1642 dyvous
502 1558 565 1621 δέ
576 1564 696 1642 (inquit
709 1563 896 1670 sozomenus
914 1565 929 1624 1
953 1557 1040 1639 3)
1014 1583 1066 1706 uc,
1066 1555 1211 1640 Ἕλληνες
1224 1558 1274 1622 λέ·

76 1652 80 1660 “
171 1665 259 1746 γουσι
274 1650 507 1707 Κωνσταντῖνον
526 1639 670 1708 ύνιλόντα
686 1643 774 1722 τινδς
790 1651 853 1709 τοῖν
870 1642 1066 1728 δγγντύτιεγέ
1066 1667 1139 1719 νοας
1151 1644 1202 1707 καλ
1217 1651 1276 1706 θα-

171 1726 256 1814 adep
278 1731 419 1811 Κρίσπον
440 1735 497 1794 τοῦ
517 1731 630 1793 tumori
650 1728 760 1806 ιταιδδς
785 1729 1003 1836 σαμιτρύξαντα
1029 1734 1277 1839 μεταμεληθῆναι

172 1815 226 1878 ιιαὶ
253 1816 322 1896 πιρλ
352 1820 518 1897 καθαρμοῦ
543 1812 754 1880 κοινώσασθαι
779 1815 935 1900 Σατιατρρι
957 1821 1000 1878 sci
1022 1813 1179 1922 otiosior?
1206 1811 1277 1877 κατ’

172 1901 271 1966 lutino
291 1906 402 1980 ιιαιροδ
422 1905 588 1983 ιτροεστδτι
601 1907 658 1979 τῆς
675 1903 831 1965 Πλατλνοιι
845 1904 1002 1984 διαδοχῆς,
1032 1897 1086 1964 τδν
1102 1895 1172 1963 δὲ’
1152 1893 1276 2006 αττοφή-

171 1993 288 2049 νασθαι
303 1985 419 2067 μηδένα
430 1983 592 2067 καθαρμδν
610 1983 764 2050 εἶναιτῶν
780 1985 927 2051 τοιούτων
941 1980 1173 2070 ύμαρτημύτιιν,
1197 1981 1275 2066 οἴδη-

172 2076 326 2154 μονούντα
348 2069 436 2133 di
400 2096 456 2134 τον
479 2071 603 2153 βασιλέα
623 2073 673 2136 tat
690 2098 727 2159 τῃ
749 2067 949 2156 αἰιαγορεύσιι
968 2078 1140 2180 περιτυχεῖν
1160 2069 1277 2136 ἐπισκύ-

171 2181 257 2233 ιτοις,
288 2159 320 2220 οἳ
334 2159 479 2242 μετανολα
495 2158 548 2220 καὶ
568 2161 750 2261 βαπτίσματι
770 2157 935 2238 ύιιὲσχοντο
951 2154 1053 2264 odone
1071 2153 1164 2220 αύτδν
1162 2155 1275 2259 ύμαρ-

171 2240 252 2316 τλας
256 2245 437 2347 καθαίρειν,
470 2241 611 2325 ησθῆναλ
637 2269 670 2308 τε
690 2237 811 2317 τούτοις
830 2241 908 2308 ιιαιύ
929 2239 1045 2324 σιιοιτδν
1050 2235 1202 2352 εἶρηιιύσι
1223 2241 1276 2306 nal
1362 2259 1369 2268 “

170 2324 332 2409 θαυμάσαι
351 2353 385 2392 το
376 2323 499 2412 δόγμα
512 2329 564 2392 καλ
580 2326 763 2411 Χριστιανὸν
777 2329 987 2409 γενέσθαικαὶ
1003 2323 1076 2402 τούς
1093 2321 1278 2409 οἷρχομένοιις

171 2413 221 2476 ἔτι
238 2419 326 2476 τοῦτο
339 2408 474 2514 α’γαγεῐν.
517 2418 550 2473 in
572 2417 749 2476 Caesaribus
772 2417 882 2474 Iuliani
903 2419 988 2476 locus
1012 2425 1058 2474 est
1079 2415 1177 2473 simile
1199 2411 1275 2521 quid

172 2498 356 2572 indicans,
347 2519 379 2555 m
342 2518 453 2604 spuo
468 2500 680 2560 Constantinus
694 2501 733 2559 ad
746 2503 914 2561 Luxuriam
929 2501 1062 2574 ducitur,
1090 2501 1142 2562 ἵνα
1155 2495 1254 2562 nul
1220 2521 1274 2564 τον

172 2581 241 2645 οἷὸν
270 2580 376 2684 εύριδν
395 2578 675 2688 αναστρεφύμενον
680 2586 733 2648 sul
760 2582 1025 2692 προσαγορεύοντα
1051 2588 1146 2647 πᾶσιν
1174 2579 1276 2659 “οστις

173 2663 328 2747 φθορεύς,
357 2663 629 2748 δστιςμιαιφύνος,
656 2663 926 2750 οστιςέναγύςιταλ
939 2663 1100 2774 βδελυρός,
1128 2669 1181 2730 l'ru
1194 2677 1275 2755 δαρ-

173 2759 252 2857 ρων·
273 2749 426 2833 αἰιοφανοδ
451 2778 507 2834 γαρ
528 2749 622 2818 αύτὸν
640 2752 738 2860 τούτῳ
760 2779 801 2840 rgo
789 2751 908 2818 ’ύδατι
926 2752 1038 2826 λούσας
1053 2747 1164 2816 αύτίκα
1178 2761 1276 2816 ιιαθα-

173 2834 240 2920 ρύν
282 2863 342 2901 καν
367 2836 461 2900 ιταλιν
484 2839 588 2920 ἔνοχος
612 2863 676 2914 τοις
695 2836 803 2916 αύτοῖς
822 2839 959 2923 γένηται,
994 2836 1083 2904 δύσω
1103 2835 1137 2902 ιδ
1160 2843 1277 2916 στῆθος

171 2921 318 3004 πλήξαντι
340 2921 450 2986 καὶ
413 2948 470 3005 την
488 2921 626 3004 κεφαλην
644 2923 811 3002 παταξαντι
821 2931 949 3011 καθαρῷ
959 2917 1124 3007 γενέσθαι”
1139 2924 1199 3006 (cf.
1213 2927 1275 2983 Zo-

171 3014 242 3070 sim.
261 3007 377 3088 459)
421 3007 498 3068 hoec
520 3023 621 3069 autem
640 3033 681 3072 ex
701 3015 822 3072 Zosimo
841 3025 961 3092 sumpta
976 3033 1040 3072 esse
1053 3019 1207 3091 nequeunt
1223 3019 1275 3069 ut·-

172 3108 242 3178 pote
258 3099 400 3182 scriptore
413 3098 508 3154 multo
524 3100 651 3155 seriore·
673 3097 832 3157 intercedit
849 3101 940 3156 etiam
955 3095 1112 3156 diversitas
1125 3098 1274 3154 narratio-

171 3184 231 3241 nis.
273 3184 412 3240 Zosimus
428 3179 552 3262 quidem
562 3183 698 3242 flamines
713 3184 809 3242 aditus
824 3184 1008 3241 lustrationis
1024 3199 1112 3240 causa
1129 3193 1158 3238 et
1169 3184 1274 3260 Aegy-

172 3271 270 3348 ptium
288 3266 440 3348 quendam
461 3269 634 3347 imperatori
656 3271 809 3347 religionis
826 3287 923 3328 novae
944 3265 1155 3327 adsciscendae
1170 3275 1274 3325 aucto-

174 3373 238 3411 rem
252 3357 402 3411 exstitisse
416 3354 538 3428 scribit,
565 3355 752 3413 Sozomenus
767 3373 837 3414 vero
854 3357 1008 3432 episcopos
1025 3353 1161 3412 nominat
1176 3363 1206 3410 et
1218 3371 1273 3431 pro

173 3439 345 3496 flaminibus
360 3441 521 3516 Sopatrum
533 3437 760 3519 philosophum.
792 3442 895 3522 itaque
909 3443 941 3497 in
955 3442 1111 3500 Zosimmn
1127 3436 1202 3496 haec
1214 3457 1276 3496 una

174 3521 368 3622 reprehensio
387 3523 483 3599 cadit,
513 3523 596 3606 quod
621 3545 687 3582 rem
719 3546 781 3584 non
804 3529 876 3584 satis
895 3523 1055 3604 diligenter
1077 3525 1275 3604 exploratam,

175 3611 313 3688 quamvis
326 3611 424 3686 specie
437 3629 539 3668 veram
551 3630 607 3690 pro
622 3631 692 3669 vero
705 3614 834 3692 repetiit.

259 3714 289 3772 p
306 3694 390 3756 95ν.
409 3699 459 3758 13.
500 3697 648 3755 inanimo
663 3673 1276 3774 habererideturludosCapitolinos,in

175 3779 284 3860 quibus
297 3780 411 3856 triplex
426 3789 577 3838 certamen
590 3792 663 3856 erat,
685 3787 836 3841 inusicum
847 3793 983 3864 equestre
999 3784 1184 3861 gymnicum.

259 3863 301 3920 ib
321 3883 350 3921 r.
366 3865 416 3926 17
459 3875 593 3924 mutatae
606 3827 687 3929 sedis
700 3888 804 3928 causas
817 3868 949 3948 produnt
959 3871 1117 3946 scriptores
1130 3863 1275 3938 diversas,

173 3951 334 4030 plerasque
348 3950 570 4027 improbabiles,
592 3954 687 4011 veluti
700 3956 775 4012 caeli
790 3955 917 4013 salubris
933 3952 1125 4024 desiderium,
1143 3948 1277 4008 delecto-

174 4037 265 4094 tionis
285 4031 437 4108 studium,
471 4037 584 4093 oraculi
604 4037 857 4115 admonitionem,
890 4049 941 4098 aut
960 4039 1176 4110 ambitionem,
1198 4052 1277 4115 quae

173 4121 300 4178 fortasse
314 4122 470 4178 verissima
483 4130 545 4179 est.
567 4141 659 4200 quum
671 4136 773 4183 autem
784 4127 849 4204 ipse
864 4143 984 4184 causam
999 4124 1080 4182 urbis
1092 4141 1187 4179 norae
1203 4139 1277 4179 cou-

175 4203 292 4264 dendae
306 4206 364 4264 tibi
379 4207 473 4270 fuisse
490 4207 629 4264 referti}
599 4207 676 4271 (l.7
695 4208 732 4267 de
747 4211 912 4269 naviculas.
928 4230 954 4268 c.
971 4206 1092 4268 Theod.
1098 4208 1130 4286 ),
1153 4205 1277 4265 deo1u·

174 4291 265 4350 λιαιιιο
284 4291 316 4350 id
336 4292 467 4369 διοιιιιιι,
497 4311 533 4350 ea
547 4272 630 4351 baud
645 4291 735 4356 dubie
750 4297 877 4355 minime
891 4293 1107 4375 veraputanda
1122 4303 1177 4352 est.
1218 4310 1277 4372 pc-
