3025 4892
372 273 708 344 comffltnmtts
737 275 1005 350 fflsnotttcus.
1170 283 1246 356 33⁷

143 444 250 511 maa,
264 441 308 502 ait
318 439 455 502 Tnball.
464 441 610 502 Pollio‘in
621 441 773 502 Valeriam
789 445 819 508 1.
839 461 915 506 mox
930 443 1060 526 Scythae
1069 455 1140 507 sunt
1152 447 1244 509 Gothi

144 538 174 586 et
187 529 288 605 Carpi.
737 530 746 550 ⁶
902 577 904 584 .

226 629 258 690 p.
272 613 315 676 29
330 631 361 671 v.
375 612 406 674 1.
448 607 556 672 satiem
572 611 637 672 iere
654 612 814 694 Synoallua
828 611 921 673 uadit
934 633 967 695 p.
982 619 1044 682 808
1059 617 1087 675 D
1102 615 1155 679 ad.
1166 623 1242 684 Van.

143 707 173 756 et
186 699 319 755 Zonaras
330 699 411 755 Anu.
430 701 469 761 12
489 701 542 762 28.

226 782 267 841 io.
288 801 318 840 v.
331 786 363 845 7.
404 783 537 860 primum
561 800 579 840 a
600 790 707 841 senatu
726 782 881 843 Gallienus
897 783 1007 843 (laesor
1024 786 1145 868 (Viator
1157 799 1241 850 uteo-

142 884 202 947 que
216 864 283 945 23),
304 875 409 946 postea
421 870 575 946 Augustus
588 867 726 946 (Eutrop.
741 870 761 930 9
783 865 817 945 6)
834 866 930 928 diuus
945 879 1000 929 est.

225 951 266 1009 ib.
283 969 312 1009 v.
327 954 379 1014 21.
422 952 529 1012 foedus
543 954 735 1012 matrimonio
749 953 958 1012 confirmatum
973 955 1048 1030 fuitg
1077 975 1149 1016 nam
1165 961 1240 1020 Gal-

141 1035 238 1095 lienus
252 1036 340 1095 duxit
353 1037 470 1096 barbari
481 1039 564 1096 illius
576 1040 656 1116 ragis
668 1037 773 1096 filiam.
816 1057 847 1098 v·
863 1041 964 1100 Victor
975 1051 1101 1124 uterque
1118 1054 1148 1104 at
1160 1047 1240 1106 'rre-

139 1119 212 1179 bell.
226 1123 324 1180 Pobio
340 1125 373 1180 in
386 1125 536 1182 Gallieno.
584 1121 694 1184 Cellae.

223 1227 254 1286 p.
270 1212 311 1273 30
330 1227 359 1266 v.
374 1212 426 1271 20.
457 1209 563 1287 Pityus
578 1206 723 1288 oppidum
737 1207 1044 1286 opulentissimumin
1058 1210 1164 1270 intimo
1176 1221 1240 1272 tra-

140 1301 190 1349 otu
205 1291 313 1350 littoris
326 1293 442 1351 Pontici
457 1304 527 1372 post
538 1283 725 1352 Colobidem.
756 1293 837 1354 Plin.
851 1297 871 1356 6
893 1295 925 1359 5.
960 1315 1031 1355 vera
1047 1315 1118 1376 argo
1131 1298 1240 1358 Strabo

139 1375 228 1440 lib-2
247 1387 334 1435 vocat
347 1374 403 1439 τόν
417 1381 591 1441 Πιτυοῦντα
601 1371 655 1443 siv
668 1377 772 1460 pirou.
823 1377 934 1439 Uellau.

221 1480 252 1540 p·
266 1465 308 1526 33
320 1478 352 1519 v.
366 1464 398 1526 t.
439 1458 602 1544 Ἀγχίαλον.
643 1461 735 1522 lanius
752 1463 836 1524 urbis
859 1482 876 1521 a
895 1463 1028 1524 barbaris
1046 1477 1237 1545 oppugnatae

136 1546 300 1605 lomandes
315 1565 436 1627 quoque
452 1547 505 1628 (da
518 1548 581 1606 reb.
597 1549 665 1606 Get.
679 1544 736 1626 20)
749 1550 933 1606 mentionem
949 1551 1062 1607 inieoit.

221 1630 264 1690 ib.
289 1652 320 1691 v.
336 1635 387 1696 18.
430 1632 616 1692 tradentibus
634 1629 838 1710 Pbiloatorgio
862 1643 893 1692 et
911 1634 1005 1692 Treb.
1025 1633 1162 1693 Pollione
1181 1633 1239 1716 ⁸(in

136 1715 264 1774 Gallien.
280 1713 323 1796 1)
342 1717 478 1794 barbari,
504 1719 674 1776 incursione
693 1717 790 1791 facta,
819 1735 882 1774 non
902 1719 935 1774 in
951 1715 1127 1795 Bithyniam
1144 1718 1238 1779 modo

135 1799 190 1859 sed
206 1805 238 1860 in
253 1801 474 1881 cappadociam
494 1822 614 1886 quoque
633 1801 722 1862 effusi
741 1799 878 1882 praedati
892 1811 970 1862 sunt.
1014 1799 1085 1861 add.
1102 1803 1236 1884 Synoall.

134 1901 155 1965 P
219 1991 248 2050 p·
264 1972 306 2038 84
318 1989 349 2031 v.
364 1973 414 2037 18.
458 1969 496 2032 tle
511 1973 618 2053 Syriae
630 1982 662 2032 at
674 1973 765 2034 Asiae
777 1972 942 2030 vastatione
956 1991 997 2030 ox
1010 1973 1169 2034 Persarum
1182 1976 1233 2037 in-

133 2059 299 2116 cursatione
314 2060 407 2117 aionis
420 2077 509 2137 paroe
525 2063 588 2138 agit
600 2060 750 2117 Zosimus.
772 2055 940 2115 Antiochia
956 2069 1021 2116 tum
1036 2069 1139 2138 oapta:
1158 2081 1232 2120 oon-

131 2145 273 2200 troversia
287 2153 390 2202 tamen
404 2153 450 2203 est
463 2143 501 2202 de
519 2163 617 2219 anno,
645 2145 724 2202 sitne
745 2152 832 2220 oapta
853 2159 881 2200 a.
903 2143 967 2206 258
990 2153 1059 2202 anta
1079 2146 1231 2206 Valeriani

131 2226 372 2306 expeditionem,
402 2247 440 2286 an
459 2239 527 2310 post
545 2233 610 2287 eius
627 2231 849 2306 captivitatem,
881 2244 941 2306 quo
954 2229 1131 2287 Ammianus
1146 2230 1232 2296 226

130 2329 270 2370 rovocare
282 2312 416 2388 videtur,
440 2317 493 2395 qui
507 2315 637 2372 Gallieni
653 2312 839 2392 temporibus
853 2313 988 2371 evenisse
1001 2315 1052 2372 ait.
1095 2317 1231 2395 sequitur

130 2393 190 2454 boo
206 2396 328 2455 colon
341 2399 378 2457 V.
397 2399 430 2457 (Ξ.
455 2419 563 2478 pamm
577 2409 680 2457 tamen
694 2397 851 2477 probabile
867 2407 913 2456 est
925 2408 994 2475 post
1009 2397 1126 2458 oladam
1143 2401 1230 2460 illam

129 2480 281 2539 Valeriani
299 2490 363 2539 tam
382 2501 486 2540 secure
500 2487 598 2562 egisse
609 2480 830 2556 Antiooheuos,
853 2491 887 2538 ut
907 2479 989 2540 ludis
1006 2487 1131 2544 aoeniois
1150 2488 1230 2546 aasi-

131 2561 237 2624 dantes
250 2567 517 2644 opprimerentuaa
532 2569 649 2641 Parsis3
673 2585 731 2624 neo
743 2568 922 2623 Ammianus
946 2563 983 2623 de
1008 2579 1093 2646 oapta
1109 2579 1228 2630 tantum

129 2647 288 2710 Antiochia
316 2662 435 2726 namt,
473 2649 528 2712 aad
548 2654 671 2710 omnino
691 2653 851 2708 Persarum
873 2651 1054 2709 vastationes
1076 2671 1137 2712 una
1159 2673 1228 2714 oum

128 2733 228 2793 reditu
252 2733 293 2792 ad
311 2753 382 2810 ωας
411 2746 477 2795 tum
496 2738 550 2795 ille
567 2738 663 2795 obiter
680 2753 746 2794 rem
762 2733 853 2793 modo
871 2735 979 2810 attigit.
1022 2745 1052 2792 at
1075 2739 1109 2794 in
1125 2750 1241 2798 noatmu

126 2821 250 2879 Zositno
262 2821 347 2879 loona
362 2830 408 2880 eat
418 2819 479 2880 bno
492 2820 699 2894 advooandos,
721 2819 778 2878 inf.
794 2824 815 2883 b
836 2821 891 2892 32,
914 2819 966 2876 ubi
979 2819 1158 2880 Antioohiae
1172 2841 1226 2881 oa-

125 2905 247 2963 lamitas
261 2903 372 2964 diseno
386 2917 454 2965 anta
466 2909 619 2967 Valeriani
629 2907 845 2986 profectionem
857 2911 1050 2962 muneratur.
1092 2909 1224 2987 Eunapii

124 2989 211 3050 loous
225 3000 270 3048 est
282 2993 315 3048 in
325 2989 456 3050 Aedesio
470 3011 502 3071 p.
514 2993 591 3056 501.
608 2994 662 3065 19,
692 2991 746 3071 qui
760 2986 887 3048 eandam
898 2988 981 3046 urbia
994 2987 1112 3048 cladem
1125 2996 1224 3072 respi-

126 3077 184 3149 cit,
207 3093 335 3158 eamque
354 3085 384 3135 at
398 3079 464 3156 ipsa
481 3076 521 3135 ad
533 3077 687 3137 Valesiani
700 3085 836 3153 tempora
850 3083 986 3147 navooat,
1014 3076 1041 3132 si
1055 3080 1223 3138 aoourstius

125 3159 291 3240 expendas.
333 3173 470 3221 narratur
485 3162 529 3222 ibi
539 3159 717 3221 Euatatbiua
727 3154 926 3240 philosophus
936 3159 1056 3237 legatus
1070 3160 1110 3220 ad
1122 3161 1221 3242 Sapo·

123 3265 190 3304 ram
205 3249 326 3306 missos.
366 3247 414 3307 H.
472 3249 480 3267 “

208 3349 241 3410 p.
258 3334 301 3398 35
314 3350 345 3390 e.
361 3336 391 3396 1.
435 3331 606 3412 discrepant
619 3329 712 3390 Treb.
724 3329 824 3388 Pollio
838 3330 941 3405 etalii,
963 3330 1017 3412 qui
1030 3329 1222 3392 Valerianum
1320 3371 1327 3392 .

94 3455 100 3462 -
123 3413 247 3474 uadunt
262 3417 357 3475 doctu
373 3419 532 3477 cuiusdam
544 3419 595 3475 aui
604 3417 691 3475 daseia
704 3425 829 3493 captum
842 3435 915 3488 eoae,
936 3418 969 3474 in
985 3434 1021 3475 eo
1032 3427 1132 3474 tamon
1147 3435 1222 3476 oon·
1235 3434 1239 3447 ’

124 3503 239 3580 apia-ant
253 3521 373 3578 omnes,
402 3502 484 3584 quod
505 3505 668 3582 imperator
684 3499 865 3562 boatibuaiu
876 3519 1002 3559 anuum
1016 3503 1099 3561 venit
1113 3500 1221 3561 frauda

121 3589 353 3647 oiaoumventus.
1194 3653 1197 3660 ¹

207 3691 239 3750 p·
253 3675 295 3736 36
308 3691 338 3730 t.
351 3675 381 3735 8.
429 3671 554 3750 Cecrope
575 3669 733 3732 bleldam
755 3689 821 3730 oasa
836 3667 963 3730 uidetur
985 3668 1039 3750 qui
1062 3669 1223 3748 compto

120 3753 204 3836 apotl
218 3757 352 3814 Trebell.
366 3759 400 3815 in
413 3755 552 3816 Gallieno
568 3759 627 3832 14,
657 3754 721 3816 dux
732 3757 956 3827 Dalmatarum,
977 3753 1060 3812 idem
1076 3757 1155 3813 inter
1168 3758 1237 3817 ita-t

120 3843 294 3900 totieotorea
307 3843 447 3900 Gallieni.
469 3840 508 3900 de
523 3862 559 3901 eo
573 3860 648 3900 mox
662 3844 681 3904 1
703 3843 746 3906 to
762 3851 864 3900 nostor
877 3841 962 3919 loqui
975 3837 1103 3900 sideros.
1144 3837 1222 3896 Aa·

119 3929 265 3984 tombam
272 3941 344 3986 varo
357 3927 430 3985 abbi
444 3937 644 3985 memorabam
655 3945 718 3984 non
733 3927 871 3984 memini.
913 3925 960 3982 Η.
1207 3968 1209 3976 ,
1231 3944 1234 3959 ·

206 4010 249 4070 ib.
266 4029 296 4070 v.
311 4015 344 4074 4.
385 4015 465 4070 iusto
488 4011 607 4070 brevius
627 4021 658 4069 et
677 4011 803 4070 Quae
822 4007 1112 4068 histoaiam.Anrioli
1126 4005 1218 4066 zost-

118 4111 190 4154 mua
214 4099 365 4176 exposuit.
408 4093 574 4156 seeundum
597 4095 787 4156 Trebellimn
811 4093 980 4154 Pollionem
1010 4091 1114 4173 (TaIg.
1139 4092 1216 4172 Tyr.

118 4201 153 4239 o«
165 4179 226 4258 11)
241 4184 396 4240 Gallienus
407 4199 583 4262 expugnaro
593 4181 755 4240 Amiolum
766 4181 876 4238 frustra
887 4179 1010 4236 notans
1025 4191 1132 4255 paoem
1145 4193 1225 4238 oum

117 4285 157 4324 ao
169 4265 250 4339 fecit,
273 4286 334 4348 quo
344 4268 469 4328 liberios
481 4275 584 4347 ponet
595 4265 898 4338 oomnPoatuniun
908 4262 1066 4413 pwfigglwl·
1170 4292 1172 4301 ·
1190 4294 1192 4303 ·

160 4357 289 4416 ma.
733 4376 740 4388 ·
