3025 4892
509 300 589 371 LIB.
616 308 636 371 5
663 306 749 373 cst’.
768 312 821 377 28.
841 313 894 374 29.
920 311 973 375 ab.
1219 311 1291 383 165

185 477 367 565 καταφανὴς
389 476 503 564 ἐγένετο
523 476 648 563 τελευτὴ
669 481 720 545 καὶ
739 479 932 569 ἀνέστρεψαν
946 480 996 547 ἐπὶ
1011 479 1067 566 τὴν
1081 482 1196 567 σκηνὴν
1212 479 1292 550 ἔνθα

185 582 291 669 νεκρὸς
308 580 402 647 ἐκειτυ
408 630 419 663 ,
440 580 482 648 ἐτι
501 582 558 665 μέν
579 580 651 649 ἐνιοι
662 580 822 667 Ῥωμαίων
836 582 986 667 ἐμάχοντο
999 588 1050 651 καλ
1063 592 1124 651 τῶν
1138 590 1291 670 πολεμίων

185 684 349 773 ἐκράτουν,
374 681 461 768 λάχοι
473 685 523 751 dt
546 712 624 764 τινες
648 686 707 752 άπὸ
723 690 875 775 φρουρίου
890 690 1048 775 Περσικοῦ
1063 699 1127 766 τοῖς
1142 686 1202 757 ῦπὸ
1213 688 1288 778 Ὁρ-

184 791 297 872 μίσάην
313 791 505 874 τεταγμένοις
519 790 692 873 ἐπιθέμενοι
708 792 896 875 κατέστησαν
912 794 956 868 είς
965 801 1082 878 χεῖρας.
1134 790 1236 877 μάχης
1254 796 1288 860 δέ

159 898 334 980 εκαρτεράς
349 893 509 977 γενομένης
525 892 628 959 έπεσεν
637 892 810 973 Ἀνατόλιος
824 891 841 960 ὃ
857 885 919 961 τἰῦν
933 898 1001 982 περὶ
1014 894 1070 980 τὴν
1082 895 1179 981 αῦλὴν
1194 894 1288 983 ἡγοῦ-

183 1020 275 1079 μενος
295 993 424 1076 τάξεων,
448 994 483 1061 ὃν
508 1002 636 1065 καλοῦσι
655 994 802 1080 Ῥωμαῖοι
821 995 1007 1087 μάγιοτρον·
1032 1002 1084 1065 καὶ
1100 998 1288 1079 Σαλούστιος

183 1096 201 1167 ὅ
227 1105 283 1183 τῆς
308 1100 404 1183 αὐλῆς
425 1096 581 1187 ῦπαρχος,
607 1100 740 1169 ἐκπεσὼν
765 1107 821 1168 τοῦ
839 1104 955 1182 ἵππου,
979 1109 1093 1190 μικροῦ
1111 1101 1287 1191 κατεσφάγη

181 1209 243 1269 τῶν
263 1206 415 1287 πολεμίων
436 1204 644 1286 ἐπικειμένων,
666 1208 697 1271 εί
714 1204 759 1289 μὴ
777 1212 839 1272 τιῦν
855 1202 1014 1293 ῦπηρετιῦν
1029 1231 1077 1283 τις
1092 1206 1214 1289 ἀποβάς
1230 1212 1288 1272 τοῦ

178 1308 275 1371 ἵππου
291 1309 420 1373 άέῦωκεν
433 1306 518 1394 αὐτῷ
531 1306 690 1399 ῥᾳστώνην
702 1314 819 1396 φυγῆς,
841 1307 1124 1375 συναποκλινάντων
1135 1310 1221 1398 αὐτῷ
1234 1312 1288 1375 καί

140 1424 174 1479 10
184 1416 244 1475 τῶν
260 1410 341 1499 άμφλ
359 1410 413 1476 τὸν
428 1412 557 1491 βασιλέα
574 1409 631 1479 tto
645 1410 825 1498 ταγμάτων,
846 1410 901 1489 οῦς
916 1416 1118 1499 σκυυταρίους
1131 1438 1288 1499 προσαγο-

181 1511 331 1600 ρεύουσιν.
381 1515 416 1579 ἐκ
441 1515 474 1579 δέ
498 1520 561 1581 τιῦν
586 1518 629 1592 είς
651 1516 752 1603 φυγὴν
776 1517 991 1603 τετραμμένων
1013 1514 1122 1603 ἄνδρες
1141 1514 1287 1600 ἐξήκοντα

179 1614 286 1699 μόνοι,
312 1623 401 1704 σφῶν
420 1619 472 1683 καὶ
488 1624 544 1683 τοῦ
554 1614 713 1703 Ῥωμαίων
731 1617 906 1701 ἀξιώματος
922 1620 1106 1702 μεμνημένοι
1121 1624 1287 1705 παραβαλ-

180 1718 305 1802 λόμενοί
321 1746 352 1785 τε
372 1718 444 1806 άχρι
457 1718 618 1801 θανάτου,
644 1728 701 1787 τοῦ
716 1724 868 1809 φρουρίου
883 1720 1041 1807 γεγόνασιν
1053 1723 1206 1808 ἐγκρατεῖς
1223 1721 1282 1809 ἀφ’

180 1814 217 1887 οὗ
233 1832 296 1900 τοῖς
303 1820 466 1906 Ῥωμαίοις
478 1822 688 1902 ἐπεξελθόντες
704 1826 733 1891 ολ
746 1826 870 1912 Πέρσαι
886 1831 1071 1891 πλεονεκτεῖν
1086 1824 1208 1902 illotas·
1233 1826 1287 1889 καλ

103 1980 109 1998 l
137 1938 170 1995 15
180 1937 260 2014 τρεῖς
280 1924 349 2011 ἐξῇς
374 1923 493 2013 ἡμέρας
516 1933 578 1993 τῶν
601 1930 753 2011 πολεμίων
771 1926 1011 2016 ἐφεῦρευάντων,
1037 1928 1094 1995 οῦκ
1109 1928 1212 2015 ὀλίγου
1227 1928 1285 2011 μέ-

178 2056 252 2119 ρους
270 2041 334 2107 τοΐς
350 2034 563 2117 πολιορκοῦσιν
581 2032 779 2114 ἐπιθεμένου,
800 2029 1043 2119 περιεσώθησαν.

279 2134 339 2205 30.
392 2131 471 2199 Τότε
484 2136 586 2200 τοίνυν
599 2140 661 2201 τιῦν
675 2137 707 2199 ἐν
719 2136 796 2202 τέλει
810 2133 932 2202 πάντων
944 2133 1011 2220 ἅμα
1027 2140 1072 2223 τῷ
1086 2132 1284 2223 στρατοπέδῳ

177 2238 410 2322 συνειλεγμένων
429 2236 528 2321 βουλὴ
552 2243 729 2324 προετίθετο
754 2241 813 2304 τίνι
837 2239 900 2304 δέοι
921 2241 1140 2325 παραδοθῆναι
1152 2237 1208 2321 τὴν
1221 2242 1286 2301 sair

176 2336 256 2405 ὅλων
268 2338 447 2425 ἡγεμονίαν,
469 2338 511 2418 ὡς
525 2340 581 2425 οῦχ
598 2344 663 2409 o‘s'oo
680 2368 713 2409 τι
728 2340 818 2419 ίίντος
835 2344 906 2425 δίχα
924 2348 981 2407 τοῦ
994 2338 1116 2407 πάντων
1130 2337 1282 2426 ἡγησομέ-

133 2460 230 2515 zoroe
256 2444 328 2521 τοῦς
352 2446 554 2527 ἐπικειμένους
577 2447 609 2513 ἐν
634 2446 713 2533 μέση
735 2452 774 2533 τῇ
797 2448 928 2539 πολεμίη
941 2442 1099 2523 κινδάνους
1114 2447 1283 2533 διαφυγεῖν.

244 2674 262 2729 6
280 2672 408 2729 Ammiano
426 2674 564 2729 ,ίααλολίιιε
581 2676 729 2744 officiorum
745 2676 890 2747 παρέωσι
913 2674 972 2730 libri
988 2674 1039 2727 boo
1052 2675 1112 2728 loeo
1128 2670 1280 2735 Ἀντώνιος.

245 2750 273 2797 et
288 2744 343 2815 ipse
358 2744 475 2795 Zosimus
493 2762 549 2797 eum
566 2754 645 2797 vocet
662 2747 740 2815 (cap.
757 2762 814 2815 seq.
830 2763 857 2815 p.
872 2746 931 2807 167,
944 2744 980 2812 1)
995 2739 1174 2805 ἰίνατάλιονς
1217 2758 1281 2795 uate

244 2812 345 2865 correxi
363 2820 499 2867 eontextus
516 2830 616 2869 nomen.
634 2816 667 2870 ot.
685 2814 842 2883 Prosopogr.
860 2814 891 2867 G.
909 2813 961 2865 Tb.
1052 2814 1070 2866 9
1094 2812 1193 2865 rectius
1224 2812 1281 2864 do·

244 2898 300 2935 κεν.
323 2884 353 2936 S.
493 2884 526 2936 10
551 2883 713 2949 σχολαρίους
736 2882 916 2936 Gotbotredue
937 2879 970 2934 sd
992 2879 1042 2948 leg.
1061 2882 1078 2935 8
1100 2880 1134 2933 de
1150 2896 1209 2933 ann.
1228 2879 1278 2934 civ.

244 2968 303 3005 nam
320 2951 385 3002 duae
402 2958 574 3003 memorantur
592 2952 702 3017 scholae,
719 2956 892 3005 tentoriorum
908 2950 1009 3004 seilicet
1024 2954 1052 3004 et
1066 2950 1278 3015 elibooors‘orum,

242 3038 311 3093 quae
326 3020 444 3091 stipando
462 3019 612 3091 impereturi
627 3020 761 3075 institutae
777 3026 860 3077 mant.
894 3020 929 3075 st

173 3226 232 3282 lites
248 3226 347 3281 mersi
363 3228 450 3281 essem
469 3226 501 3283 ad
518 3226 658 3283 tentorium
673 3228 699 3282 ln
713 3244 765 3298 quo
777 3226 889 3281 sudaret
899 3226 1016 3291 iacebat,
1031 3225 1183 3297 pugnabant
1195 3222 1278 3275 adbae

172 3298 273 3367 quidem
285 3298 398 3351 nonnulli
409 3298 517 3353 Romani
529 3308 606 3367 etque
617 3299 715 3353 hostem
728 3298 899 3369 superabant:
916 3296 963 3349 sed
983 3296 1101 3348 cobortes
1120 3292 1243 3362 quaedem
1260 3308 1276 3343 e

173 3366 280 3417 castello
300 3365 426 3433 Persico,
452 3377 572 3437 parentes
588 3366 737 3421 Hormisdae
747 3366 854 3437 imperio
865 3365 956 3419 milites
967 3366 1090 3429 adortae,
1106 3378 1205 3415 murum
1218 3375 1275 3412 cum

173 3436 210 3487 eis
227 3436 401 3487 conserebant.
438 3436 490 3489 nori
510 3445 617 3505 accepto
634 3436 732 3505 proelio
749 3436 883 3489 Anatolius
897 3434 1002 3500 cecidit,
1020 3433 1136 3486 ordinum
1146 3429 1276 3515 palatino·

172 3520 228 3556 rum
248 3503 313 3568 dux,
337 3520 411 3573 quem
431 3504 539 3559 Romani
558 3506 707 3573 megisto-um
724 3504 867 3557 officiorum
883 3510 986 3557 nonant
1022 3511 1050 3555 et
1060 3501 1185 3553 Salustius
1197 3516 1276 3568 pree·

172 3574 256 3626 lentus
270 3572 393 3639 praetorii
405 3589 461 3627 mam
474 3591 507 3627 ex
518 3590 583 3642 equo
604 3574 756 3643 decidisset,
772 3574 960 3626 imminentibus
978 3572 1093 3625 bostibus
1111 3570 1168 3622 iere
1183 3568 1277 3621 luisset

172 3640 330 3705 trucidatus,
347 3641 395 3693 nisi
406 3642 507 3711 quidam
521 3660 554 3697 ex
566 3643 756 3713 apparitoribus
767 3660 833 3712 equo
843 3642 1001 3697 descendens
1011 3644 1089 3708 lagae
1100 3638 1275 3707 capessendae

172 3710 319 3763 facultatem
332 3710 355 3761 ei
367 3710 541 3779 praebuisset,
559 3712 737 3765 recedentibus
748 3729 799 3764 une
810 3729 865 3765 eum
879 3713 935 3795 ipso
947 3719 974 3763 et
983 3711 1014 3763 iis
1025 3707 1155 3762 ordinibus
1165 3705 1273 3786 duobos,

171 3778 215 3849 qui
234 3778 333 3847 stipare
348 3778 529 3847 imperatorem
541 3788 730 3835 consueverunt
741 3796 772 3833 ac
783 3780 895 3833 Soumrir
905 3780 1029 3833 dicuntur.
1064 3786 1177 3830 oeterum
1189 3792 1221 3827 ex
1233 3775 1274 3825 bis

189 3848 216 3901 ui
228 3856 303 3915 terga
313 3846 445 3911 dederant,
462 3850 595 3918 sexaginta
606 3850 731 3905 duntaxat
740 3850 842 3916 milites,
858 3856 911 3902 tum
923 3866 971 3901 soe
981 3854 1034 3900 tum
1046 3845 1156 3899 Ronani
1167 3842 1274 3897 nominis

170 3866 299 3987 dignitate
319 3917 352 3969 ad
376 3917 484 3969 animum
503 3927 639 3983 revocata,
657 3925 684 3973 et
702 3920 734 3971 ad
753 3926 860 3971 mortem
877 3934 959 3987 usqae
969 3915 1104 3969 discrimini
1114 3920 1197 3965 semet
1207 3909 1275 3963 obii-

170 3988 284 4053 cientes,
300 4003 332 4038 eo
344 3986 449 4039 oestello
461 3987 537 4057 potiti
547 3994 607 4041 eunt
618 3988 651 4041 de
662 4005 713 4058 quo
725 3988 854 4041 Romanos
866 3985 951 4040 adorti
961 3985 1058 4038 Persae
1068 3982 1214 4065 superiores
1225 3996 1272 4032 ex-

169 4056 267 4111 stitisse
285 4056 336 4108 visi
356 4056 465 4109 lauant
502 4072 610 4127 cumque
631 4058 749 4111 oonts'nno
763 4056 883 4127 deinceps
892 4055 979 4108 triduo
991 4052 1227 4107 eircunnderentur
1238 4047 1273 4101 ab

168 4125 301 4193 hostibus,
317 4141 367 4179 non
380 4125 472 4194 exigua
482 4132 558 4195 parte
568 4126 698 4196 oopierom
712 4128 862 4181 obsessores
871 4140 997 4193 aggresso
1008 4120 1074 4177 salvi
1085 4126 1231 4173 evaserunt.

238 4194 280 4248 30.
315 4194 384 4248 Τοιο
394 4210 459 4249 vero
471 4196 569 4249 eunetis
578 4196 743 4265 optimatibus
754 4213 806 4249 nne
816 4212 873 4248 ean
885 4192 999 4248 exercitu
1018 4190 1150 4259 collectis,
1168 4186 1273 4241 oonsul-

170 4264 250 4315 tatum
270 4269 311 4316 est
331 4264 430 4319 cuinam
448 4280 533 4319 rernm
550 4282 647 4319 somma
662 4265 843 4320 committendo
861 4268 947 4330 esset,
964 4260 1035 4331 quod
1050 4259 1106 4313 fieri
1116 4258 1185 4311 nullo
1196 4256 1272 4311 modo

169 4339 260 4403 posset
278 4339 309 4387 ut
326 4352 359 4390 ex
378 4332 566 4391 inminentibus
581 4334 665 4391 medio
676 4334 702 4403 in
713 4335 813 4391 bomine
824 4332 945 4405 perieulis
956 4330 1071 4406 principe
1081 4327 1197 4382 destituti
1208 4344 1273 4380 eae·

1015 4546 1038 4595 Ν
