3025 4892
418 283 753 354 oonnssstrtnms
775 287 1041 356 mstonlcns.
1208 289 1282 360 389

178 459 280 529 ptores
295 448 404 508 eadem
415 453 588 512 omiserant.
621 450 739 511 ridetur
753 449 829 512 adeo
845 451 996 512 interdum
1012 449 1127 534 aliquid
1140 458 1280 534 persequi

178 537 284 594 latiore
300 539 449 611 oratioue,
476 557 545 595 cnm
558 539 585 596 ie
599 538 636 595 ab
654 539 720 596 aliis
735 548 787 596 aut
802 541 946 598 omissum
959 550 1010 597 aut
1023 558 1130 618 parum
1148 538 1280 618 diligen·

178 631 389 680 ternarratum
402 625 593 700 repperisset.
636 624 705 682 aliis
715 625 748 680 iu
762 625 835 682 locis
852 621 909 682 ltoc
924 635 1072 702 spectasse
1086 623 1221 700 videtur,
1244 636 1279 684 ut

176 705 332 766 brevitatis
353 705 486 766 taedium
507 719 687 786 temperaret
705 710 888 787 interpositis
909 711 988 768 iuter
1002 711 1162 768 summarie
1179 730 1277 787 expo-

177 792 235 848 sita
255 793 366 869 partim
385 790 617 881 digressimibns
633 795 742 872 partim
757 795 843 852 sactis
858 795 1045 853 mirabilibus
1058 795 1205 872 copiosius
1219 815 1276 853 ex-

176 878 295 954 positis.
336 875 483 936 iudicium
503 879 536 937 in
557 875 681 936 lrornine
705 875 789 936 band
812 899 878 938 raro
903 877 1057 951 desider03
1085 876 1175 943 fidem
1194 877 1277 937 haud

175 962 282 1035 saelle3
305 965 361 1021 etsi
377 961 523 1021 iudicium
538 966 689 1042 scriptoris
701 964 754 1038 vel,
767 966 810 1022 sic
824 985 878 1044 pro
893 983 928 1022 ea
946 975 1041 1022 aetate
1056 961 1138 1024 haud
1153 965 1276 1042 vulgare

176 1065 317 1124 agnosco,
340 1051 560 1127 comparatione
573 1068 641 1106 curn
653 1047 829 1108 Christianis
844 1051 1034 1128 scriptoribus
1048 1049 1137 1106 sacta.
1173 1051 1276 1127 itaque

175 1135 309 1210 quoties,
332 1132 469 1191 eiusdem
489 1136 533 1191 rei
557 1134 687 1192 consiliis
711 1135 747 1190 eb
771 1135 830 1192 alio
852 1138 993 1213 scriptore
1016 1134 1175 1214 propositis
1197 1135 1280 1208 aliis,

174 1217 314 1294 Zosimus
335 1215 488 1277 diversum
508 1229 559 1276 ant
579 1239 693 1277 norum
712 1221 871 1278 consilium
888 1230 940 1279 ant
956 1239 1076 1280 causam
1093 1217 1193 1291 affert,
1213 1238 1275 1276 non

174 1304 277 1358 statim
298 1303 397 1361 malae
420 1302 491 1361 fidei
512 1314 563 1362 ant
586 1307 692 1362 erroris
713 1313 757 1362 est
780 1303 980 1380 accusandus,
1004 1305 1057 1365 sed
1080 1324 1148 1363 onan
1170 1305 1275 1361 ceteris

174 1396 221 1444 est
243 1388 465 1465 componendus
483 1399 514 1448 et
535 1389 628 1448 altera
646 1391 721 1449 ratio
744 1390 830 1449 alteri
854 1388 1096 1470 attemperanda:
1116 1410 1145 1449 r.
1164 1409 1190 1447 c.
1206 1409 1274 1470 sup.

173 1490 200 1529 o.
222 1475 254 1536 7.
297 1475 344 1531 Η.
496 1494 500 1504 “

225 1575 288 1702 14Ρ.
305 1560 364 1621 196
376 1578 406 1617 v.
422 1561 451 1620 1.
495 1555 544 1621 tul
571 1551 705 1642 Θρᾴκης.
747 1557 788 1620 cl.
818 1561 935 1638 Eunap.
963 1560 996 1615 in
1025 1559 1102 1615 lixo.
1132 1554 1171 1614 de
1198 1559 1275 1636 Lag.

172 1657 194 1719 P
257 1745 289 1804 p·
304 1727 364 1790 197
374 1747 405 1785 v.
419 1731 450 1790 6.
494 1749 511 1786 e
528 1729 689 1786 Saracenis
701 1747 782 1787 nnnc
795 1729 874 1788 inter
891 1727 991 1808 copias
1005 1727 1156 1784 Romanas
1170 1723 1274 1786 haberi

171 1806 310 1868 ridemus
329 1823 481 1892 equestres
498 1823 623 1871 turmas.
666 1813 781 1894 Arabes
805 1815 847 1871 ita
869 1813 1034 1892 appellatos
1056 1815 1128 1870 satis
1148 1822 1272 1887 constat,

171 1904 202 1952 et
225 1894 349 1975 quidem
370 1897 408 1954 ab
428 1899 514 1956 initio
530 1898 625 1956 tribus
641 1908 735 1957 certes
750 1896 932 1957 Nomadum.
975 1898 1071 1976 prima
1088 1916 1192 1955 eorum
1205 1899 1273 1954 me‘-

170 1983 298 2038 mor-atio
311 1982 344 2040 fit
359 1983 414 2040 sub
428 1985 529 2041 Marco
541 1986 615 2066 imp.
628 2002 659 2041 r.
673 1986 827 2044 Ammian.
845 1989 885 2046 14
907 1981 938 2046 4.
976 1983 1015 2040 cf.
1030 1981 1073 2039 ibi
1084 1981 1185 2040 Vales.
1200 1979 1272 2040 add.

169 2083 202 2146 p·
217 2069 290 2129 892.
333 2067 372 2125 of.
392 2071 432 2130 23
456 2069 477 2130 4
503 2089 533 2149 p-
557 2069 770 2131 eonscientiae
783 2067 917 2137 Ambae,
940 2087 1013 2148 quos
1033 2067 1199 2124 warenae
1211 2087 1273 2144 po-

170 2152 288 2209 steritas
308 2152 486 2231 appellavit.
531 2156 564 2211 in
576 2155 735 2211 Arracenis
748 2155 872 2217 Plintis
895 2157 936 2216 32
958 2153 1010 2210 alii
1029 2171 1079 2209 eos
1098 2153 1190 2210 latere
1210 2173 1270 2231 pu-

168 2245 280 2295 taramt.
322 2240 474 2297 Romanas
498 2249 612 2298 turmas
640 2241 677 2297 ab
700 2242 737 2298 iis
762 2239 845 2298 fusas
870 2239 1000 2317 legimus
1026 2235 1081 2296 sub
1104 2236 1270 2295 Commodo

169 2331 198 2379 a.
226 2324 298 2383 192.
341 2325 387 2381 H.

253 2404 295 2462 ib.
312 2427 343 2464 v.
361 2405 412 2468 14.
456 2406 493 2464 ab
515 2410 678 2467 Ammiano
697 2411 737 2472 st
760 2410 799 2474 16
822 2399 970 2490 copiosius
983 2416 1013 2464 et
1028 2402 1174 2465 distinctis
1189 2412 1269 2464 tem-

167 2487 291 2568 poribus
304 2487 381 2548 lraec
392 2501 560 2549 narrantur.

253 2594 285 2653 p-
299 2577 361 2638 198
375 2595 405 2633 v.
421 2577 450 2637 1.
494 2573 612 2635 diversa
635 2573 689 2636 sed
713 2573 752 2633 ad
770 2573 861 2632 fidem
880 2575 1019 2653 propiora
1033 2575 1212 2632 Ammianus
1226 2577 1265 2639 31

168 2660 210 2722 11
226 2658 334 2733 tradit,
357 2663 409 2740 qni
422 2660 632 2720 Sebastianum
644 2679 705 2718 noa
718 2663 782 2719 sine
797 2661 951 2717 voluntate
967 2659 1100 2716 Gratiani
1115 2657 1170 2718 sed
1183 2662 1268 2717 iussn

168 2746 248 2818 eins,
272 2748 415 2824 quoniam
426 2747 537 2805 Valens
550 2746 587 2804 ab
600 2767 635 2805 eo
650 2745 757 2804 ducem
771 2743 930 2825 providum
941 2743 1030 2801 illum
1045 2753 1075 2800 et
1088 2737 1272 2822 prudentem

167 2832 312 2907 petierat,
333 2831 421 2890 ltalia
442 2833 543 2890 aeliota
563 2831 603 2890 ad
620 2834 773 2891 Orientem
787 2831 905 2888 venisse
921 2837 951 2886 el
966 2826 1133 2906 peditibus,
1157 2827 1266 2907 quibus

166 2916 319 2976 Traianus
334 2926 403 2974 ante
418 2919 611 2995 imperasset,
632 2917 818 2996 praefectum
834 2915 928 2974 fuisse
943 2913 1057 2974 scribit.
1099 2911 1181 2991 apud
1194 2913 1266 2971 Sui*

167 2998 239 3058 dam
251 2999 284 3058 b.
300 3021 330 3060 r.
345 3020 457 3080 magna
469 3004 535 3062 eius
549 3004 616 3062 lans
632 3011 741 3061 exstat.
785 3001 841 3059 fuit
857 3003 889 3057 in
908 3018 943 3057 eo
955 3001 1064 3078 ingens
1081 3000 1160 3056 vitae
1180 2995 1265 3055 dari-

165 3087 224 3145 ties
240 3095 270 3144 et
284 3086 422 3145 laborum
435 3089 596 3166 patientia,
620 3089 745 3146 comitas
762 3104 833 3164 erga
845 3085 972 3159 milites,
998 3094 1027 3141 et
1040 3087 1072 3142 in
1085 3085 1197 3162 rapinis
1211 3103 1264 3141 eo-

166 3191 235 3230 rum
255 3171 427 3231 coercendis
448 3191 483 3232 ao
505 3171 684 3232 confluendo
706 3171 864 3249 disciplina
884 3188 1002 3228 summa
1021 3171 1184 3241 severitas3
1214 3171 1264 3225 vi-

166 3265 249 3317 otum
271 3258 328 3316 sibi
348 3257 469 3336 petebat
487 3277 644 3339 nunqnam
664 3256 844 3330 delicatum,
867 3267 898 3314 et
911 3250 1166 3338 quemadmodum
1179 3255 1261 3332 peri·

165 3342 234 3398 onia
253 3361 314 3399 non
333 3344 540 3418 aversabatur,
565 3345 607 3401 ita
627 3345 762 3400 maxime
779 3342 940 3398 mollitiem
959 3339 1109 3418 fugiebat3
1131 3355 1262 3416 προσκε-

164 3424 303 3504 κρουκοδς
318 3427 352 3488 dl
372 3427 436 3508 (ita
451 3427 560 3489 Saldae
572 3429 681 3487 similia
696 3429 760 3487 iere
773 3425 861 3486 dietis
874 3427 988 3485 Zosimi
1002 3425 1126 3484 lor-tasse
1142 3444 1181 3482 ex
1196 3423 1261 3481 lin-

164 3513 257 3590 napio
276 3510 383 3570 afferre
404 3512 524 3592 pergit)
552 3509 605 3578 daei
623 3506 749 3596 γνώμης
774 3506 925 3592 ὀρθότητα
945 3516 1009 3585 τοῖς
1031 3513 1260 3588 κατακομισταῖς
1331 3583 1334 3590 ,

165 3587 324 3676 advodzosc
346 3601 409 3658 raia
430 3597 594 3677 βασιλέων,
616 3594 739 3672 εὔκολος
762 3591 806 3659 oia·
825 3594 877 3660 eisd
891 3596 1001 3659 casian
1016 3593 1068 3657 sal
1081 3599 1202 3672 κοῦφος
1216 3593 1260 3666 εἰς

163 3677 397 3824 μῗνᾶστασᾶν,
429 3681 570 3765 δισὸἑχθη
590 3686 646 3765 τῆς
665 3684 853 3766 στρατηγίας.
906 3678 1021 3740 Gothos
1047 3677 1195 3762 quosdam
1220 3675 1260 3736 ad

162 3768 210 3826 lle
231 3785 299 3824 rum
310 3767 344 3824 fn
365 3769 401 3825 it.

247 3871 279 3931 p·
298 3854 357 3914 199
372 3871 402 3910 r.
420 3856 470 3917 ta.
512 3854 624 3913 incerta
647 3864 678 3913 et
696 3854 838 3930 ambigna
859 3861 904 3911 est
924 3850 1105 3910 existimatio
1127 3845 1164 3906 de
1184 3867 1260 3926 pru-

163 3933 266 3995 dentia
278 3936 458 3998 Sebastiam.
499 3940 679 3999 Ammianm
691 3942 773 3998 enim
784 3939 940 3998 Valentem
954 3932 1068 3994 invidia
1081 3936 1258 4011 flagrantem

162 4023 282 4083 virtutis
295 4034 325 4081 et
336 4024 478 4081 victoriae
493 4025 628 4083 Gratiani
645 4023 682 4083 de
695 4023 905 4082 Lentiensibns
920 4029 1038 4102 partae,
1060 4039 1095 4076 ao
1111 4017 1201 4077 sbnul
1215 4017 1258 4074 li-

162 4110 235 4166 teris
248 4107 434 4183 Sebastiani,
455 4127 534 4189 qnae
549 4129 567 4166 a
581 4129 615 4168 sa
629 4112 662 4167 in
673 4110 815 4168 barbaros
828 4117 912 4185 gesta
925 4115 1009 4164 erant
1022 4103 1109 4162 dictis
1123 4121 1257 4180 exagge-

163 4195 272 4266 rantis,
291 4194 473 4273 impulsam,
492 4213 556 4253 aon
574 4205 747 4273 exspectato
765 4213 805 4252 ex
822 4190 981 4252 Occidente
999 4191 1132 4267 auxilio,
1154 4199 1256 4247 contra

118 4295 131 4316 ⁸
164 4277 294 4337 abaram
312 4280 437 4339 consilia
451 4299 517 4339 rem
529 4283 713 4340 committere
725 4280 862 4339 fortunae
873 4294 1057 4358 properasse.
