3025 4892
531 303 611 370 LIB.
635 304 656 370 ὅ
682 305 767 372 GAP.
793 299 845 370 41.
863 303 916 371 42.
946 375 950 378 ,
1199 307 1275 378 307

170 483 243 544 θεία
258 479 309 543 καλ
324 475 380 554 τάς
394 475 542 563 πατρίους
557 472 711 564 ἁγιστείας
724 473 937 562 έσχολαιιδτων
951 475 983 558 ἓξ
998 476 1110 546 έκεένου
1126 485 1184 547 τοῦ
1196 478 1275 571 χρό-

169 578 526 668 νουπρορῆτιυσώπων.
742 590 747 600 ’

273 680 334 753 4‘2·
387 683 438 748 Τά
461 685 517 766 μὲν
543 673 598 748 orio
618 675 766 769 χρῆματα
785 686 893 750 τοῦτον
914 685 1120 770 σοντκομίσθη
1135 685 1188 753 τὸν
1200 683 1275 774 spi·-

172 810 246 868 πον,
271 785 367 853 έδόιιιι
386 789 420 852 δι’
436 786 514 873 πρὸς
529 787 583 852 τὸν
596 788 728 869 βασιλέα
744 789 907 874 πρεσβείαν
923 794 1071 871 σταλῆναι
1090 793 1274 874 κοινωσομέ-
1329 788 1334 796 ’

145 905 226 974 orno
239 893 325 980 αὐτῷ
337 893 405 975 περὶ
417 899 472 973 τῆς
483 891 629 974 έσομίνῆς
640 889 777 978 ιίρῆνης,
803 895 854 956 καὶ
869 885 911 968 oie
924 889 959 957 οά
972 891 1011 956 τὰ
1019 885 1167 978 χρήματα
1178 895 1273 976 μόνον

165 993 326 1080 Ἀλάριχος
347 994 428 1060 ἀλλά
444 998 495 1059 καλ
511 997 624 1071 παῖδας
639 1002 700 1059 τῶν
718 985 752 1061 ιδ
767 992 934 1080 γεγονότων
949 987 1085 1081 ὃμῆρους
1096 993 1197 1064 ἐθέλοι
1215 1005 1272 1065 λα-

168 1105 235 1181 βεῖν
253 1099 306 1186 ἐφ’
330 1089 357 1186 ᾦ
374 1123 406 1163 τι
423 1097 462 1182 δὴ
477 1097 522 1184 μῆ
537 1096 632 1180 μόνον
647 1095 768 1185 ιίρῆνῆν
782 1095 862 1164 ἀλλά
878 1101 929 1164 καὶ
947 1093 1115 1182 ὁμαιχμίαν
1130 1101 1207 1188 πρὸς
1222 1101 1276 1168 τὸν

168 1204 298 1285 βασιλέα
321 1199 514 1285 ποιήσασθαι
521 1249 532 1282 ,
555 1196 708 1289 χωρήσειν
729 1228 762 1268 τε
786 1200 879 1286 ὁμόσε
891 1199 1053 1286 Ῥωμαίοις
1067 1202 1146 1268 scorti
1161 1203 1275 1284 παντὸς

168 1308 290 1370 ίναντία
306 1303 425 1382 τούτοις
442 1316 565 1393 φρονεῖν
579 1305 781 1388 βουλομένου.
832 1309 894 1373 inei
910 1308 944 1372 δὲ
959 1309 1010 1372 καλ
1025 1312 1071 1396 τῷ
1082 1309 1209 1390 βασιλεῖ
1219 1307 1275 1394 τῆν

129 1429 163 1482 10
171 1394 291 1495 ιίρῆνῆν
311 1411 358 1472 ini
380 1407 500 1487 τούτοις
523 1407 619 1476 ἐδόκει
636 1407 797 1495 γενέσθαι,
827 1409 867 1475 τά
880 1411 937 1494 μὲν
947 1406 1095 1498 χρήματα
1113 1423 1177 1489 τοῖς
1191 1419 1275 1502 βαρ·

169 1511 280 1598 βάροις
305 1510 420 1596 roton,
446 1519 539 1600 τριῶν
565 1514 599 1578 δέ
624 1509 740 1598 ἀγοράν
765 1509 888 1600 ἡμερῶν
911 1523 977 1592 τοῖς
1001 1508 1061 1580 ἀπὸ
1084 1521 1139 1598 τῆς
1159 1514 1275 1594 πόλεως

164 1615 327 1702 Ἀλάριχος
349 1616 474 1700 ἀνῆκεν,
497 1617 603 1682 ἀδιιαν
626 1615 732 1694 ἐξόδου
759 1614 810 1682 διώ
833 1642 922 1682 τινων
938 1619 1042 1682 πυλῶν
1058 1617 1162 1694 αδτοΐς
1178 1622 1274 1684 διδω-

170 1716 242 1798 ιιώς,
262 1721 428 1803 ἐπιτρίψας
446 1721 479 1786 δὲ
495 1723 546 1785 καί
564 1715 618 1785 τδν
634 1722 667 1784 In
682 1726 739 1786 rori
748 1713 876 1802 ⁴induor
892 1717 1061 1806 ἀνοίγεσθαι
1078 1727 1172 1787 σῒτον.
1197 1721 1275 1788 ἀνα-

171 1821 364 1888 πνιυσάντων
387 1825 420 1888 δέ
438 1830 499 1889 ταῖν
518 1824 667 1903 πολιτῶν,
693 1823 892 1906 ἀποδομένων
912 1851 944 1890 τε
967 1819 1026 1890 ὅσα
1042 1815 1080 1909 ἦν
1098 1824 1202 1903 αάτοΐς
1219 1851 1275 1892 τι·

128 1941 163 1998 15
171 1924 259 2012 ριττά
266 1973 277 2005 ,
303 1930 354 1992 καὶ
377 1927 416 1992 τά
436 1929 576 1993 ένδέοντοι
592 1928 768 2014 πριαμένων
784 1927 805 2010 ῆ
820 1929 852 2004 έξ
866 1926 999 2010 ἀμοιβῆς
1015 1925 1117 1993 ἀλλων
1129 1926 1276 2016 πραχμά·

168 2055 230 2095 των
252 2029 481 2114 ποριοαμένων,
507 2027 680 2118 ἀνεχώρουν
701 2031 758 2115 τῆς
773 2025 893 2116 Ῥώμης
913 2031 943 2096 σί
959 2030 1134 2121 βάρβαροι,
1155 2031 1275 2110 καὶτὰς

168 2133 283 2217 σκηνὰς
298 2134 329 2198 έν
344 2158 404 2199 τισι
418 2138 486 2220 περὶ
501 2134 558 2218 τὴν
574 2136 730 2200 Τουσκίοιν
745 2129 910 2220 έπῆμνυντο
926 2131 1042 2212 τδποις.
1093 2137 1144 2200 καί
1167 2131 1196 2200 oi
1217 2135 1274 2219 μὲν

169 2237 281 2303 οίκέται
306 2238 417 2321 σχιδδν
438 2233 585 2318 ἅπαντες,
605 2233 640 2303 oi*
653 2233 733 2305 κατά
753 2237 810 2321 τὴν
824 2231 945 2324 Ῥώμην
960 2225 1057 2322 ῆσαν,
1085 2234 1214 2324 ἕκάστης
1231 2235 1274 2316 ὥς

168 2344 261 2406 ιίπιῖν
275 2337 392 2429 ῆμέρας
407 2341 635 2429 ἀναχωροῦντες
648 2348 703 2426 τῆς
717 2339 834 2419 πόλιως
850 2342 1044 2428 ἀνεμίγνυντο
1064 2349 1129 2420 τοῖς
1146 2339 1273 2430 βαρβά-

126 2462 252 2529 sopore,
278 2448 320 2521 τίς
342 2442 499 2530 τισσάρων
519 2443 680 2533 μυριάδων
701 2447 822 2528 πλῆθος
844 2447 1078 2532 συνειλεγμένοι·
1112 2439 1275 2528 ἀλιώμινοι

168 2548 204 2611 δέ
228 2573 307 2624 τινες
328 2549 390 2612 τῶν
411 2545 583 2634 βαρβάρων
602 2557 667 2624 τοῖς
683 2550 731 2614 int
746 2547 799 2613 τὸν
815 2550 921 2631 λιμένα
939 2551 1076 2616 κατιοῦσι
1091 2552 1141 2614 ναί
1159 2549 1274 2614 ἀνακο·

166 2651 291 2732 μίζουσί
301 2677 330 2716 τι
344 2655 407 2716 τών
420 2651 596 2735 ίπιτῆδιίων
610 2649 741 2738 ἐπῄεσαν
747 2699 760 2731 ,
781 2649 856 2739 ὅπερ
870 2649 985 2734 μαθών
995 2650 1157 2740 Ἀλάριχος
1171 2645 1213 2730 ώς
1227 2649 1273 2736 μῆ

237 2843 254 2902 5
270 2837 391 2916 χρήσιμοι
407 2841 461 2900 LP.
555 2842 591 2902 ΞΟ
608 2835 809 2914 σνντίλτγμένοι
826 2839 1012 2902 Ῑιοοοολοτὶοοι
1028 2842 1088 2902 libri
1105 2841 1276 2916 δννειλτγμί·

236 2934 305 2979 νοις.
415 2912 555 2984 ἀλώμενοι
569 2915 635 2970 iden
653 2935 700 2988 pro
716 2918 825 2986 uulgato
842 2903 1001 2986 ἀλιώμενοι.

167 3103 255 3144 nanos
273 3089 427 3159 soporabat,
445 3083 596 3144 exstinctum
610 3083 673 3154 τοῖος
691 3083 715 3143 id
733 3083 801 3159 qood
815 3099 847 3142 οτι
863 3099 893 3143 eo
908 3091 1023 3162 tenpore
1034 3081 1148 3142 futurum
1158 3079 1273 3142 honines

167 3161 245 3212 rebus
255 3157 347 3212 divinis
360 3168 387 3212 et
397 3161 488 3213 ritibus
500 3160 590 3229 p‘atriis
601 3155 707 3213 exerciti
718 3159 910 3228 praedixerunt.

237 3231 281 3283 42.
317 3221 441 3282 Collectis
455 3223 533 3298 igitur
549 3229 574 3281 iu
593 3230 661 3282 hunc
677 3229 777 3282 modum
795 3229 924 3299 pecuniis,
941 3227 1023 3280 visum
1037 3231 1076 3279 est
1086 3223 1119 3278 ad
1131 3221 1272 3296 imperato*

168 3314 223 3350 rem
237 3298 383 3350 mittendam
397 3316 455 3352 esse
464 3298 634 3367 legationem,
660 3310 726 3368 quae
746 3311 802 3350 oum
815 3315 846 3351 eo
859 3297 892 3350 de
904 3309 970 3366 paoo
980 3297 1068 3348 futura
1078 3295 1222 3359 conterret,
1239 3303 1272 3376 no

169 3365 328 3432 signiticaret
343 3369 488 3420 Ateriohurn
504 3385 556 3421 non
574 3369 656 3420 solum
667 3368 789 3438 pecunius
799 3377 889 3419 verum
902 3361 978 3419 etiarn
989 3365 1110 3419 nobilium
1121 3363 1188 3415 filios
1200 3365 1273 3414 obn·

170 3435 217 3487 des
236 3435 354 3504 accipere
371 3437 454 3502 velle,
471 3444 497 3490 et
513 3438 563 3490 hoo
579 3438 655 3490 modo
673 3453 724 3488 non
740 3440 838 3489 tantum
850 3450 938 3504 paoem
949 3435 996 3487 sed
1008 3441 1035 3486 et
1046 3433 1107 3486 beili
1121 3433 1272 3484 societatem

170 3519 228 3556 oum
248 3502 403 3574 imperatore
415 3507 550 3574 initurum,
577 3513 604 3559 et
621 3518 678 3558 eum
695 3504 819 3558 Romanis
835 3505 862 3556 in
880 3506 960 3557 auium
976 3501 1137 3585 proditurum
1148 3500 1272 3553 advorsus

170 3573 286 3642 quemvis
296 3573 340 3641 qni
350 3591 408 3626 esse
419 3575 504 3627 tunuli
515 3576 595 3628 vellet
605 3575 632 3628 in
642 3593 687 3628 sos
697 3575 789 3628 animo.
825 3587 881 3626 oum
901 3573 1010 3642 ptinupi
1028 3587 1129 3640 quoque
1141 3569 1272 3622 videretur

171 3658 260 3711 pacem
279 3643 349 3693 hisee
367 3643 560 3698 condicionibus
579 3661 636 3698 esse
656 3643 871 3713 oompouendum‚
888 3643 997 3712 pecnnia
1009 3639 1127 3693 barbaris
1139 3645 1273 3690 numerata

169 3711 228 3764 fuit.
264 3719 291 3762 ot
300 3712 434 3764 Alariehus
444 3713 529 3766 triduo
541 3715 626 3766 foruna
636 3714 753 3783 permisit
764 3711 882 3779 urbanis,
900 3709 1010 3764 exeundi
1021 3708 1122 3761 lieentia
1135 3723 1182 3775 per
1192 3722 1272 3775 quas-

170 3781 227 3832 dam
246 3788 334 3849 portes
350 3781 386 3833 eis
403 3797 543 3847 concessa,
560 3792 617 3836 eum
633 3783 711 3834 etiam
722 3797 737 3834 s
748 3789 825 3851 portu
836 3779 1018 3835 subvehendas
1028 3792 1144 3858 annonae
1155 3783 1272 3858 potesta¹

169 3857 222 3902 tem
235 3849 351 3903 fecisset.
389 3856 554 3920 posteaquam
566 3852 638 3904 eires
648 3852 833 3920 respirassent,
850 3847 965 3902 omnibus
984 3863 1018 3898 ue
1027 3847 1133 3915 reliquls
1144 3847 1193 3897 mbr
1206 3859 1273 3896 veu-

169 3919 230 3971 uitis
241 3917 394 3971 ootmisseut
404 3921 550 3973 neooesaris
560 3921 604 3973 vel
614 3937 646 3973 ex
658 3920 844 3990 pernotatione
854 3933 938 3971 rerum
949 3916 1055 3970 auarum
1068 3912 1273 3982 acquisivissent,

170 3989 254 4042 Roma
265 3988 367 4041 barbari
378 3987 551 4042 discesserunt
562 3996 589 4041 et
599 3995 685 4041 eastm
695 3989 847 4058 quibusdam
858 3988 884 4040 in
895 3986 959 4039 loeis
971 3983 1039 4037 oiroa
1049 3977 1171 4036 Tusoiam
1184 3981 1273 4033 metati

169 4065 237 4112 sunt.
273 4073 306 4110 ae
324 4057 451 4126 mancipia
481 4057 564 4112 uidem
576 4059 760 4128 propemodum
772 4056 870 4124 omnia,
888 4071 956 4124 quae
966 4052 1064 4106 Romae
1075 4057 1165 4118 erant,
1181 4049 1206 4102 in
1219 4049 1273 4102 sin-

168 4127 244 4195 gulos
256 4127 312 4179 fere
323 4126 378 4178 dies
389 4135 422 4178 ex
434 4076 497 4179 urie
508 4123 664 4194 aufugientia
678 4127 795 4180 barbaris
805 4131 884 4179 semet
896 4121 1089 4192 aggregabunt,
1115 4113 1153 4173 its
1169 4119 1273 4189 quidem

170 4204 199 4247 nt
210 4192 318 4248 collecta
328 4205 461 4249 servorun
475 4194 609 4249 multitudo
620 4196 653 4248 sd
665 4189 835 4265 quadraginta
849 4195 918 4247 milia
929 4197 1099 4246 excresceret.
1134 4189 1192 4242 dum
1207 4205 1272 4241 vero

169 4259 274 4318 barbari
295 4262 396 4335 quidam
416 4263 476 4318 hino
492 4265 551 4318 inde
569 4271 712 4333 vagannn,
730 4265 860 4318 Romanos
872 4264 903 4317 ad
916 4269 1019 4332 portum¹
1030 4261 1152 4314 devectos
1163 4265 1190 4310 et
1202 4273 1274 4310 oon·

170 4341 267 4388 meatus
288 4334 384 4406 aliquid
406 4329 579 4390 subvehentes
600 4328 688 4388 adorti
708 4341 778 4391 suut.
812 4334 862 4388 boe
882 4333 927 4388 ubi
945 4329 1113 4402 comperisset
1130 4327 1274 4395 naamon,
