3025 4892
230 271 281 344 96
703 273 854 340 ZOSIMI

231 443 306 531 ὅπερ
326 443 397 531 ἄχρι
420 448 473 510 νῦν
499 439 575 531 δρᾶν
594 441 688 510 ένεστι
710 455 774 524 τοῖς
801 448 848 511 tal
873 445 926 512 miv
940 438 1163 530 Ἑλλήσποντον
1179 445 1328 512 πλέουσιν.

120 570 145 610 τ.
162 555 215 612 329
231 548 333 614 έλθαλν
348 551 380 614 δέ
394 547 614 632 είςμετάμελον
628 552 679 614 καὶ
694 550 796 627 ἀτελές
810 551 844 615 τὸ
860 550 946 636 έργον
961 550 1136 616 καταλιπιδν
1150 553 1197 616 lul
1212 549 1244 615 τὸ
1262 555 1328 614 Βυ-

231 650 348 733 ζάντιον
373 652 431 739 ᾔει.
481 650 651 734 θαυμάσας
673 654 705 717 δέ
729 654 785 738 τὴν
800 661 854 737 τῆς
872 651 988 731 πόλεως
1001 655 1089 720 θέσιν
1106 655 1200 742 έκρινε
1215 651 1327 735 ταύτην

230 754 276 821 ὅτι
293 753 428 838 μάλιστα
446 756 575 838 αὐξῆσαι
586 759 644 842 ,καὶ
660 758 691 832 ές
705 759 857 838 βασιλέως
873 757 989 841 οίκησιν
1006 751 1157 842 άρμοδίαν
1174 763 1325 840 καταστῆ-

230 884 293 925 σαι.
344 869 438 924 κεῖται
456 861 512 940 μίν
532 859 591 944 γάρ
616 855 635 943 ἦ
661 855 749 937 πόλις
771 863 818 926 inl
843 857 959 948 λόφου,
985 862 1078 948 μέρος
1102 860 1250 944 ἐπέχουσα
1272 865 1328 924 τοῦ
1336 873 1351 928 t

231 965 350 1045 ίσθμοῦ
371 968 427 1028 τοῦ
447 962 498 1026 διά
519 969 575 1028 τοῦ
597 961 784 1046 καλουμένου
807 965 946 1050 Κέρατος
965 967 1016 1028 καλ
1041 963 1095 1048 τῆς
1116 967 1328 1050 Προποντίδος

231 1068 455 1148 ίκτελουμένου.
497 1068 547 1130 καί
563 1066 598 1129 τὸ
614 1067 670 1148 μέν
688 1067 819 1131 παλαιὸν
834 1065 892 1150 εἶχε
909 1068 964 1150 τὴν
978 1065 1074 1151 πάλην
1089 1069 1120 1132 έν
1135 1075 1173 1153 τῇ
1186 1071 1326 1149 συμπλη-

231 1166 322 1257 ράσει
346 1176 407 1235 τῶν
430 1177 528 1234 στοῶν
546 1169 584 1246 ἃς
606 1174 742 1257 Σεβῆρος
756 1167 772 1235 ὃ
786 1169 931 1252 βασιλεδς
947 1167 1182 1256 ᾠκοδομήσατο,
1205 1165 1326 1234 παυσά-

230 1299 321 1356 μενος
343 1280 398 1356 τῆς
418 1273 498 1338 κατὰ
517 1276 690 1351 Βυζαντίων
713 1275 822 1360 ὀργῆς,
849 1273 895 1338 δτι
912 1277 1027 1359 Νίγρον
1039 1268 1220 1358 ὑπεδέξαντο
1236 1273 1325 1336 πολί-

228 1403 300 1458 μιον
321 1373 408 1440 ὄντα·
430 1377 465 1440 τὸ
490 1378 523 1440 δέ
548 1386 646 1457 τεῖχος
666 1377 716 1441 διά
743 1383 799 1442 τοῦ
821 1375 918 1463 λόγου
939 1378 1118 1460 καθιέμενον
1136 1369 1173 1460 ἦν
1192 1375 1251 1440 άπδ
1271 1379 1327 1439 τοῦ
1338 1383 1371 1434 10

231 1482 355 1544 δυτικοιλ
370 1480 483 1566 μέρους
499 1479 570 1566 άχρι
591 1486 648 1543 τοῦ
666 1487 721 1562 τῆς
736 1480 918 1566 Ἀφροδίτης
934 1488 1010 1544 ναοῦ
1028 1483 1078 1545 καί
1097 1475 1259 1562 θαλάσσης
1273 1485 1328 1560 τῆς

230 1580 355 1670 άντικρδ
376 1581 619 1670 Χρυσοπόλεαις,
646 1583 706 1648 άπὸ
726 1585 759 1648 δέ
775 1591 830 1649 τοῦ
842 1587 963 1670 βορείου
982 1581 1080 1670 λόφου
1100 1577 1179 1648 κατά
1194 1581 1247 1646 τδν
1262 1582 1328 1645 ἴσον

228 1683 343 1773 τρόπον
363 1686 466 1752 κατιὸν
486 1686 557 1771 άχρι
580 1693 636 1751 τοῦ
655 1684 775 1769 λιμένος
791 1685 809 1751 δ
824 1693 951 1752 καλοῦσι
967 1685 1106 1774 νεώριον,
1132 1686 1182 1750 καὶ
1195 1685 1329 1750 ίπέκιινα

228 1791 318 1876 μέχρι
341 1787 505 1874 θαλάσσης
524 1789 544 1872 ἢ
566 1790 702 1855 κατευθδ
716 1789 818 1855 ’κεῖται
833 1797 889 1855 τοῦ
904 1789 1055 1872 στόματος
1077 1791 1119 1855 δι’
1136 1781 1174 1854 οδ
1187 1787 1263 1875 πρὸς
1276 1787 1328 1852 τὸν

228 1892 372 1969 Είίξιινον
386 1890 547 1977 ἀνάγονται
561 1889 691 1957 Πόντον.
741 1899 839 1976 μῆκος
855 1895 887 1957 δέ
901 1893 959 1975 lgm
974 1893 1007 1956 τὸ
1022 1893 1126 1958 στενὸν
1137 1899 1226 1957 τοῦτο
1238 1891 1327 1976 μέχρι
1338 1893 1370 1948 16

226 2001 284 2060 τοῦ
303 1993 428 2058 Πόντου
449 1997 587 2059 σταδίωιί
602 1997 674 2077 περί
688 2019 748 2058 που
767 1998 957 2080 τριακοσίων.
1008 1987 1042 2058 τδ
1059 1997 1115 2076 μέν
1130 1985 1185 2058 οὖν
1201 1994 1329 2079 ἀρχαῖον

227 2104 283 2182 τῆς
305 2095 421 2174 πόλεως
440 2098 571 2182 μέγεθος
589 2103 679 2162 τοῦτο
701 2090 755 2180 ἦν·
783 2097 898 2184 ἀγοράν
914 2097 947 2161 δέ
961 2098 992 2160 έν
1006 2103 1051 2184 τῷ
1065 2095 1147 2184 τόπῳ
1162 2097 1240 2160 καθ’
1260 2093 1328 2180 ‘dvii

226 2200 307 2284 πάλη
330 2200 365 2264 od
388 2200 516 2286 ἀρχαῖον
534 2191 572 2282 ἦν
591 2197 795 2283 οἰκοδομήσας
819 2203 1002 2285 κυκλοτερῆ,
1028 2199 1079 2264 καί
1103 2210 1206 2276 στοαῖς
1228 2201 1328 2265 διατε-

224 2305 289 2390 γίσι
309 2299 423 2386 ταύτην
441 2299 630 2387 περιλαβών,
669 2299 787 2385 άιγΐδας
814 2301 869 2367 δύο
894 2299 1061 2387 μαρμάρου
1084 2304 1328 2390 ΠροικοννησίουΙ

224 2410 369 2493 μεγίστας
391 2405 531 2489 ἀλλήλων
554 2405 658 2482 ἀντίας
680 2404 873 2485 άπετάπωσε,
901 2406 944 2470 δι’
965 2397 1007 2470 ὧν
1022 2405 1133 2486 ἔνεστιν
1150 2407 1270 2472 εἰσιέναι
1287 2409 1370 2482 είςλθ

223 2511 280 2587 τὰς
294 2508 432 2596 Σεβήρου
448 2508 542 2585 στοάς
555 2511 607 2573 καὶ
622 2516 676 2592 τῆς
690 2508 786 2574 πάλαι
800 2508 916 2587 πόλεως
929 2510 1045 2586 ἐξιέναι.
1097 2515 1201 2599 πολλῷ
1213 2509 1247 2575 δέ
1261 2512 1328 2592 μεί-

224 2616 296 2695 ζονα
312 2613 368 2697 τὴν
383 2609 471 2678 πόλιν
483 2613 640 2700 ἀποφῆναι
654 2610 858 2695 βουλόμενος,
883 2619 940 2679 τοῦ
954 2611 1050 2678 πάλαι
1065 2617 1182 2696 τείχους
1194 2613 1329 2679 ἐπέκεινα

293 2775 380 2831 imis
397 2792 439 2828 om
454 2773 486 2829 P.
573 2768 635 2844 ἐπὶ]
652 2771 686 2829 τὸ
703 2769 754 2842 μὲν
771 2775 804 2830 L.
915 2779 933 2832 9
953 2769 1000 2830 ὅτε
1017 2777 1050 2834 Ρ.
1152 2777 1183 2829 11
1201 2771 1280 2842 μέχρι
1296 2775 1328 2832 λι.

206 2852 209 2861 ’
294 2849 327 2969 1?
343 2843 477 2968 διργὲγεσι
493 2844 549 2899 LP.
582 2847 695 2900 fortusse
710 2845 806 2899 rectius
823 2841 957 2915 διστέγοις
976 2847 1004 2901 S.
1142 2847 1175 2900 19
1191 2861 1328 2914 sooouovn-¹

293 2931 355 2970 σου
420 2951 429 2970 .

177 3063 180 3068 “
226 3070 303 3125 quem
313 3050 340 3107 iu
351 3048 429 3107 ultum
441 3052 510 3122 τεῖος
528 3070 603 3124 quem
616 3054 699 3108 adhuc
710 3048 798 3108 videre
810 3058 865 3121 esl,
883 3055 906 3107 si
920 3047 964 3124 qui
975 3069 1065 3107 versus
1076 3051 1269 3121 Hellespontum
1282 3065 1328 3101 ns-·

226 3125 323 3193 vigent.
359 3124 404 3176 sed
417 3125 486 3193 quod
498 3140 555 3176 eum
566 3125 640 3176 husius
653 3125 737 3195 operis
747 3125 855 3176 instituti
867 3123 1049 3192 paenituisset,
1064 3140 1095 3174 eo
1108 3121 1212 3183 relicto,
1231 3125 1328 3170 uteret
1424 3138 1427 3146 ·

224 3191 416 3262 imperfectum,
435 3194 584 3260 Byzantium
596 3195 736 3257 concessit3
761 3193 831 3244 cuius
844 3193 913 3244 urbis
925 3193 999 3244 situm
1011 3192 1166 3254 admiratus,
1184 3205 1239 3241 eom
1251 3203 1327 3254 quam

226 3263 337 3316 maxime
354 3262 445 3314 statuit
462 3263 664 3330 amplificandam
682 3267 710 3313 et
729 3261 887 3312 efficiendum
901 3261 1016 3312 idoneum
1029 3267 1058 3311 ut
1069 3257 1190 3328 principis
1199 3257 1225 3308 in
1238 3273 1269 3308 eo
1280 3257 1328 3308 do-

226 3331 343 3384 micilium
360 3339 437 3382 esset.
473 3347 530 3381 num
549 3333 611 3382 urbs
629 3333 655 3382 in
675 3329 739 3382 colle
754 3331 805 3381 sita
824 3339 879 3394 eet,
898 3329 952 3382 eius
971 3329 1055 3380 isthmi
1073 3339 1172 3396 purtem
1184 3327 1327 3395 complexe,

227 3417 301 3468 quem
320 3399 438 3450 isthmum
457 3399 482 3449 id
502 3398 571 3466 quod
589 3397 670 3451 Ceras
681 3399 736 3451 sive
749 3399 838 3450 Cornu
849 3405 944 3450 vocant
955 3406 981 3448 et
991 3397 1129 3466 Propontis
1144 3395 1265 3447 efficiunt.
1301 3403 1329 3447 et

225 3469 284 3519 olim
297 3465 398 3536 quidem
411 3485 442 3519 eo
453 3467 510 3518 loco
523 3475 620 3535 portem
634 3468 758 3529 habebut,
777 3484 827 3536 quo
845 3469 960 3536 porticus
976 3466 1034 3518 illue
1046 3466 1162 3518 desinunt
1174 3481 1237 3533 quas
1248 3464 1328 3534 impe-

184 3590 189 3609 ὶ
223 3543 298 3589 rotor
314 3536 429 3587 Severus
441 3537 581 3600 exstruxit,
599 3553 657 3588 oum
669 3553 728 3588 sues
740 3537 865 3588 adversus
878 3535 1018 3602 Byzantios
1028 3533 1080 3587 ires
1092 3534 1266 3602 deposuisset,
1284 3532 1327 3602 qui

224 3605 323 3657 hostem
334 3603 414 3672 ipsius
426 3604 536 3672 Nigrum
547 3604 574 3657 in
585 3608 674 3657 urbem
686 3606 848 3659 admiserunt.
876 3621 962 3657 murus
973 3621 1035 3656 vero
1047 3620 1093 3674 per
1104 3603 1192 3655 collem
1205 3603 1328 3654 demissus

221 3675 254 3726 ab
266 3673 418 3726 occidentali
431 3680 505 3742 purte
518 3683 599 3742 usque
611 3675 644 3727 ad
657 3674 764 3728 Veneris
775 3674 862 3726 nedem
876 3684 902 3725 et
912 3675 994 3743 ipsum
1006 3689 1075 3724 mere
1086 3671 1239 3741 pertinebat,
1258 3670 1327 3741 quod

220 3750 261 3796 est
280 3760 295 3794 e
315 3742 420 3809 regione
439 3741 616 3811 Chrysopolis.
652 3744 741 3795 eodem
756 3744 830 3796 modo
842 3751 869 3795 et
880 3744 912 3795 eb
926 3741 1062 3812 aquilonali
1074 3742 1139 3794 colle
1150 3741 1267 3793 deorsum
1279 3739 1327 3791 du·

221 3819 277 3865 otus
289 3818 438 3879 eretusque
450 3812 482 3863 ud
495 3821 611 3881 portum,
629 3813 698 3880 quod
718 3811 820 3864 Navnle
837 3811 937 3878 dicunt,
957 3819 984 3863 et
995 3811 1100 3863 ulterius
1113 3808 1236 3878 usquead
1249 3825 1327 3874 mere,

241 3880 289 3933 uod
307 3881 406 3932 directo
426 3879 501 3932 situm
519 3888 558 3933 est
577 3881 611 3932 ad
630 3882 654 3932 id
675 3882 765 3934 ostium
778 3897 826 3950 per
837 3881 906 3950 quod
917 3880 942 3934 iu
956 3881 1064 3932 Pontum
1077 3881 1202 3932 Euxinum
1218 3878 1326 3929 adverso

220 3899 291 4004 δοται
316 3949 460 4018 navigetur.
494 3957 521 4001 et
532 3956 614 4002 ertum
627 3951 727 4018 quidem
740 3952 788 4002 hoo
800 3951 926 4019 spatium,
944 3949 977 4002 od
994 3951 1103 4001 Pontum
1115 3965 1195 4017 usque
1206 3945 1327 3999 trecentis

219 4019 279 4090 plus
296 4019 376 4071 minus
393 4018 479 4070 stodiis
495 4017 522 4071 in
544 4018 727 4087 longitudinem
746 4026 827 4088 putet.
872 4021 935 4071 hoec
952 4019 1037 4088 prisco
1056 4017 1169 4070 civitatis
1186 4014 1325 4084 amplitudo

221 4093 286 4141 erat
323 4087 506 4140 Constantinus
522 4097 608 4141 autem
624 4105 655 4140 eo
671 4090 729 4141 loco
745 4105 797 4158 quo
810 4087 932 4156 quondum
949 4094 1111 4156 portasset,
1127 4092 1257 4137 exstructo
1269 4083 1326 4134 foro

219 4155 345 4220 rotundo,
372 4157 439 4226 quod
457 4155 598 4225 porticibus
615 4157 721 4226 distegis
739 4157 858 4220 inclusit,
885 4156 995 4210 fornices
1007 4156 1069 4208 duos
1082 4173 1097 4205 e
1109 4167 1233 4206 murmure
1245 4153 1327 4204 Proe-

219 4224 323 4278 couesio
344 4226 466 4278 maximos
485 4226 565 4292 feeit,
583 4227 717 4298 oppositos
730 4225 796 4290 sibi3
834 4243 862 4278 er
873 4239 937 4294 quos
948 4225 986 4278 iro
996 4225 1058 4277 licet
1069 4225 1095 4275 in
1107 4222 1200 4275 Severi
1211 4221 1326 4290 porticus

220 4301 247 4348 et
261 4295 327 4348 urle
342 4295 430 4364 priuos
449 4295 546 4364 egredi.
582 4312 691 4366 eumque
706 4296 796 4350 urbem
815 4243 892 4363 iunge
909 4294 1033 4349 maiorem·
1044 4291 1253 4357 efficerevellet,
1270 4307 1327 4344 eam
