3025 4892
259 276 332 349 196
619 320 623 330 ·
730 272 882 342 zostiss

257 447 437 535 διαδρομῶν
452 448 499 513 ini
517 445 578 529 τὴν·
589 440 913 511 Κωνοταντινοόπολιν
927 441 990 529 ᾔει,
1015 440 1182 507 κάντεῦθεν
1200 441 1249 507 ἐπλ
1268 438 1357 531 Θρᾴ-

255 576 312 636 κης
335 550 459 638 ἐχῶρει,
479 548 531 614 τόν
544 548 621 635 πρὸς
632 548 704 625 τοὺς
719 546 910 629 αὐτομόλους
923 543 1052 622 Σκόθας
1066 541 1287 629 ἀγωνισάμενος
1298 541 1357 609 πό-

256 658 359 738 λεμον.
408 650 516 731 ἐξιόντι
537 652 571 719 δέ
585 659 629 739 τῷ
646 653 841 739 στρατοπέδῳ
857 652 908 715 καὶ
926 648 1010 735 αὐτῷ
1025 650 1059 715 δέ
1072 655 1118 735 τῷ
1129 653 1255 729 βασιλεῖ’
1265 648 1356 732 τέρας

254 757 350 845 ῶφθη
374 754 500 823 τοιόνδε.
552 751 720 843 ἀνθρώπου
742 779 772 820 τι
797 761 907 837 σκῆνος
928 749 1026 839 ἐφάνη
1042 752 1121 816 κατὰ
1136 750 1192 835 τὴν
1207 748 1279 815 ὁδὸν
1291 753 1353 816 κεί-

253 887 360 943 μενον,
386 858 421 925 τό
437 862 494 944 μέν
511 857 586 924 dito
603 856 685 923 ἅπαν
703 858 844 941 ἀκίνητον
860 859 911 921 καὶ
927 854 988 920 sind
1005 861 1141 940 κεφαλῆς
1153 860 1378 940 μεμαστιγωό

253 963 334 1051 μένῳ
349 961 419 1049 άχρε
433 966 536 1029 ποδῶν
549 959 661 1042 ἐοικός,
685 959 800 1044 μόνους
817 960 850 1025 δέ
864 958 936 1037 τοὺς
949 958 1134 1046 ὀφθαλμοὺς
1149 958 1354 1044 ἀνεῳγμένους

253 1065 339 1150 ἐχον,
364 1068 568 1149 ἐμβλέποντας
585 1076 649 1141 τοῖς
670 1062 895 1149 πλησιάζουσιν.
947 1064 1010 1127 ἐπεὶ
1030 1063 1065 1125 δὲ
1080 1072 1144 1137 τοῖς
1157 1063 1294 1146 ἐρωτῶσι
1308 1063 1353 1139 τίς

249 1194 283 1235 τε
302 1170 347 1254 εἴη
363 1172 415 1234 καὶ
431 1166 527 1234 πόθεν
534 1217 544 1248 ,
567 1168 589 1252 ἢ
605 1168 690 1254 παρά
703 1171 784 1243 τίνος
798 1174 895 1232 ταῦτα
910 1162 1025 1244 πάθοι,
1051 1161 1245 1229 παντάπασιν
1263 1165 1352 1229 οὐδέν

250 1272 431 1359 άπεκρένατο
439 1320 450 1353 ,
472 1274 640 1357 τερατῶδες
654 1269 728 1338 εἶναι
742 1273 920 1353 νομίσαντες
938 1270 1091 1345 ἐπέδειξαν
1106 1270 1216 1354 καὶτῷ
1229 1273 1355 1350 βασιλεῖ

249 1374 400 1464 παριόντι.
449 1378 506 1442 τοῶ
524 1378 557 1440 δέ
579 1366 635 1452 τός
655 1374 751 1451 αὐτός
766 1371 885 1450 πεόσεις
897 1369 1144 1458 προσαγαγόντος
1155 1371 1243 1435 οὐδέν
1257 1362 1347 1454 ἦττον
1357 1380 1392 1433 10

250 1478 374 1566 ἄφωνος
387 1470 435 1563 ἦν,
452 1478 521 1545 otiu
536 1480 588 1562 ζῆν
599 1480 756 1562 νομισθεὶς
769 1476 868 1542 διὰτὸ
881 1482 943 1542 πᾶν
955 1475 990 1541 τό
1006 1482 1097 1558 σῶμα
1107 1474 1247 1558 ἀκίνητος
1261 1472 1346 1555 εἶναι,

248 1582 317 1648 οὔτε
341 1578 486 1648 τεθνάναι
510 1583 634 1663 τελέως,
660 1582 763 1665 ἐπειδὴ
778 1584 936 1668 ἐρρῶσθαι
950 1578 986 1644 τό
999 1579 1124 1661 βλέμμα
1139 1576 1245 1642 ἐδόκει.
1296 1580 1347 1643 καλ

245 1687 362 1771 γέγονεν
386 1684 501 1772 ἀφανές
523 1685 612 1773 ἄφνω
637 1685 672 1750 τό
697 1687 797 1771 τέρας.
847 1690 910 1749 τῶν
930 1674 985 1748 οὖν
1007 1678 1213 1769 περιεστώτων
1228 1683 1296 1767 περὶ
1310 1680 1346 1747 τό
1371 1764 1376 1782 .

238 1791 394 1872 ’πρακτέον
404 1788 621 1876 ἀπορουμένων
633 1790 819 1870 συνέβαλλον
833 1787 862 1851 οἱ
874 1786 914 1851 τιλ
926 1791 1054 1851 τοιαῦτα
1068 1786 1241 1869 ἐξομεῖσθαι
1254 1786 1345 1850 δεινοὶ

242 1890 300 1974 τὴν
315 1893 459 1975 ἐσομένην
474 1888 657 1977 προμηνόειν
672 1898 727 1974 τῆς
741 1892 893 1966 πολιτείας
907 1886 1110 1967 κατάστασιν,
1136 1886 1182 1952 ότι
1199 1913 1232 1953 τε
1246 1894 1342 1973 πλητ-
1352 1900 1386 1955 it

242 1992 354 2075 τόμενα
367 1996 419 2058 noi
431 1992 658 2079 μαστιγοόμενα
671 1994 834 2059 διατελέσει
847 1992 886 2057 τὰ
899 1990 1076 2077 πράγματα,
1092 1999 1345 2078 ψυχορραγοῦσα

237 2096 380 2175 ἐοικότα,
405 2098 511 2184 μέχρις
534 2096 572 2163 ἂν
597 2103 636 2183 τῇ
653 2104 714 2162 τῶν
733 2094 889 2180 ἀρχόντων
907 2098 958 2159 καὶ
977 2092 1234 2179 ἐπιτροπευόντων
1251 2098 1342 2185 νακέρ

239 2198 349 2276 τελέως
367 2203 514 2286 φθαρείη.
565 2206 654 2265 τοῦτο
675 2201 731 2283 μέν
755 2191 828 2277 οὖν,
853 2195 998 2263 ἐπιόντων
1015 2193 1104 2280 ἡμῶν
1117 2196 1156 2261 τὰ
1169 2198 1249 2262 καθ’
1269 2200 1341 2263 ἵκα-

237 2318 315 2382 ὀτα,
343 2301 399 2367 σόν
415 2303 546 2391 ἀληθείη
562 2301 729 2390 φανήσεται
744 2301 990 2389 προαγορευθέν·
1042 2301 1137 2384 (22)
1163 2297 1179 2365 d
1198 2301 1232 2366 δι’
1246 2308 1340 2382 βασι-

126 2402 128 2409 ’
238 2406 308 2483 λεός
331 2404 455 2489 Οὐάλης
478 2407 671 2490 ληϊζομένους
692 2404 751 2489 ἤδη
775 2405 831 2489 τὴν
854 2401 981 2494 Θρᾴκην
999 2409 1102 2471 πᾶσαν
1120 2403 1192 2480 rode
1210 2403 1382 2482 Σκόθαςλο

236 2506 393 2590 θεώμενος
398 2556 409 2589 ,
436 2508 510 2593 ἐγνω
526 2508 599 2587 τοός
615 2511 648 2574 ἐκ
664 2517 719 2593 τῆς
734 2506 814 2596 ἑῴας
829 2508 886 2573 σόν
902 2508 988 2595 αὐτῷ
1003 2509 1264 2594 παραγενομένους
1287 2510 1338 2573 καὶ

236 2610 394 2695 μάχεσθαι
417 2612 494 2695 μεθ’
515 2615 618 2679 ἵππων
633 2609 869 2700 ἐμπειροτάτους
882 2620 920 2699 τῇ
935 2618 997 2678 τῶν
1011 2615 1145 2677 Σκυθῶν
1157 2612 1244 2702 ἰ’ππιμ
1259 2609 1337 2698 πρό·

303 2802 473 2931 ὁέάιιέηηιον
489 2810 515 2861 ii
532 2824 579 2881 pro
596 2808 703 2881 rugato
719 2804 877 2878 εόιιένητον.
946 2810 981 2863 10
996 2802 1119 2877 παρόντε
1132 2806 1166 2862 P.
1236 2808 1269 2863 18
1284 2824 1335 2861 τα-

303 2894 372 2945 χος
429 2894 524 2947 margo.

230 3055 336 3121 poterat
341 3090 350 3133 7
368 3048 529 3119 compositio,
546 3050 681 3105 Antiochia
697 3050 789 3104 oursirn
799 3048 849 3103 iter
860 3064 977 3103 euentus
988 3048 1089 3120 cpolim
1099 3048 1169 3116 abit,
1183 3052 1262 3117 atque
1272 3046 1333 3101 inde

232 3120 319 3189 pergit
340 3136 366 3171 nn
387 3118 541 3184 Threciam,
568 3120 659 3173 beilum
683 3122 808 3173 adversm
830 3120 942 3185 Scythas
961 3119 1018 3171 iiios
1035 3119 1183 3184 transfugas
1201 3128 1331 3183 gesturus.

232 3204 351 3255 egressus
371 3198 455 3239 autem
473 3188 599 3273 exereitus
613 3196 644 3273 et
661 3190 846 3273 ipsetprinoeps‘
857 3187 997 3270 huiusmodi
1009 3193 1153 3267 portentum
1165 3202 1331 3253 conspexero.

229 3255 1331 3396 iiiiiiiiiniiiiiiiiiii²ztiii¹ziiiiintfttiiiiit,iiii

230 3394 319 3444 oculos
337 3398 436 3443 tontum
457 3400 559 3461 apertos
576 3394 688 3463 habens,
712 3394 756 3463 qui
776 3393 882 3463 propius
901 3394 1052 3446 accedentes
1067 3392 1236 3446 intuerentur.
1272 3407 1329 3447 curu

228 3470 312 3513 autern
324 3460 543 3527 interrogantibus
553 3463 611 3531 quis
622 3476 691 3515 erret
702 3472 729 3516 et
739 3464 816 3529 unde,
832 3469 885 3514 turn
896 3480 911 3514 a
922 3478 973 3531 quo
984 3462 1066 3514 istaec
1079 3478 1215 3530 perperene
1228 3462 1329 3527 fuisset,

228 3530 290 3582 ninii
304 3529 404 3581 omniuo
414 3530 592 3599 responderet,
612 3532 780 3615 prodigiorum
794 3532 912 3599 quiddam
924 3531 974 3583 rati
985 3530 1061 3582 etiam
1072 3532 1246 3599 praetereunti
1257 3531 1329 3600 prin·

228 3599 278 3668 oipi
296 3606 502 3651 commonstrant.
538 3614 595 3652 oum
612 3600 687 3653 ns-de
699 3601 776 3653 rebus
786 3599 874 3651 iisdem
885 3599 1083 3668 interrogasset,
1100 3599 1260 3652 nibilominus
1271 3618 1328 3651 rnu-

120 3668 125 3682 '
228 3676 271 3720 tus
283 3674 348 3731 erat,
366 3684 414 3719 neo
425 3667 583 3721 exiatimatus
594 3668 692 3736 vivere,
710 3669 779 3738 quod
790 3669 934 3721 universum
945 3684 1039 3737 eorpus
1051 3685 1144 3736 expers
1154 3678 1223 3722 esset
1232 3676 1326 3737 motus,

228 3752 277 3790 nec
287 3737 388 3803 integro
399 3742 522 3802 mortuus,
535 3738 636 3807 quando
647 3737 787 3790 inooiurnes
798 3738 866 3790 oculi
877 3754 936 3791 esse
945 3736 1102 3790 riderentur.
1125 3737 1227 3790 tandem
1239 3737 1325 3791 subito

227 3812 373 3876 portentum
385 3806 434 3857 boo
445 3808 557 3859 evanuit.
583 3807 669 3876 itaque
680 3824 736 3859 oum
747 3806 767 3857 ii
777 3806 821 3874 qni
833 3807 1038 3874 circumstabant,
1049 3804 1109 3874 quid
1120 3806 1246 3873 agendum
1257 3814 1327 3860 esset

226 3874 400 3943 ambigerent,
419 3874 532 3930 inorniuer
545 3876 571 3928 in
584 3874 741 3946 exponendis
755 3876 850 3927 talibus
860 3874 982 3943 ingeniosi
998 3884 1092 3928 statnm
1103 3874 1140 3926 rei
1152 3876 1269 3943 pubiioae
1283 3878 1325 3928 iu·

225 3952 311 3996 turum
327 3944 446 4013 portendi
461 3944 597 4011 dicebant,
615 3946 735 4013 quodque
744 3945 868 4005 duratura
879 3952 949 3997 esset
959 3960 1042 3997 rerum
1053 3960 1185 3996 caesarum
1197 3955 1225 3996 et
1234 3944 1324 4012 flagris

225 4015 399 4065 confectarum
411 4014 505 4079 facies,
521 4014 629 4067 animam
640 4012 819 4066 exhalantibus
828 4013 928 4080 similis,
945 4013 1027 4065 douoo
1038 4012 1228 4081 magistratuum
1238 4022 1265 4065 et
1277 4014 1324 4066 ad·

224 4080 417 4133 miniatrantium
429 4083 594 4152 improbitate
605 4098 710 4152 prorrus
719 4083 868 4136 interiisset.
902 4091 980 4152 etque
991 4083 1056 4135 baec
1067 4081 1140 4135 uobis
1149 4082 1248 4149 singnis
1260 4100 1323 4153 per-

222 4148 391 4203 lustrantibus
403 4168 465 4203 vere
477 4152 632 4221 praedictum
644 4152 787 4235 apparebit.
822 4152 897 4221 (22)
911 4152 1008 4205 Valens
1019 4158 1102 4205 autem
1113 4151 1259 4219 imperator,
1276 4150 1322 4220 qui

221 4218 272 4269 iam
294 4218 407 4285 Scyth'us
427 4221 571 4274 universam
587 4222 724 4275 Thraciam
740 4221 889 4291 depopulari
900 4228 1034 4287 cerneret,
1050 4221 1141 4274 statuit
1152 4237 1197 4272 eos
1208 4237 1273 4289 quos
1287 4236 1323 4275 ex

222 4285 330 4341 Oriente
339 4304 425 4341 sacrun
437 4290 589 4362 adduxerat,
606 4308 639 4346 ex
651 4291 722 4376 equis
733 4292 864 4363 pugnandi
873 4291 1049 4363 peritissimos,
1061 4291 1090 4345 iu
1100 4289 1241 4363 equitantum
1251 4291 1322 4362 Βαγ-
