3025 4892
215 298 265 372 94
485 323 490 330 ·
685 301 842 369 ΙΖΟὸΙΜΙ

216 472 344 557 σδμενον
365 469 477 539 αὐτόθι
497 472 554 538 σδν
576 472 747 564 ἀσφαλείᾳ,
773 473 844 557 μετ’
863 475 898 538 οδ
914 475 991 539 πολὺ
1008 475 1080 554 τοδς
1096 473 1205 563 ὅρκους
1219 473 1317 557 narr}-

218 604 275 654 σας
299 569 360 662 (ἦν
376 579 436 665 γάρ
453 585 543 643 τοῦτο
555 577 640 666 αὐτῷ
652 576 806 661 σύνηθες)
834 576 948 664 ἀγχόνη
969 585 1024 644 τοῦ
1045 582 1097 663 ζῆν
1112 579 1205 645 αὐτὸν
1221 581 1317 667 ἀφαι-

217 692 321 768 ρεῖται.

54 781 204 836 omma·
321 781 382 853 29·
432 781 630 868 Περιστιίσης
655 785 690 850 δὲ
714 793 769 867 τῆς
790 783 891 870 πάσης
913 790 955 864 είς
977 784 1072 868 μόνον
1089 789 1318 852 Κωνσταντῖνον

110 868 165 906 ⁹⁰⁸⁸
218 887 333 975 ἀρχῆς,
360 885 458 951 contu
485 888 591 952 λοιπὸν
614 888 669 972 τὴν
686 889 766 954 κατὰ
781 889 874 977 φύσιν
890 892 1018 955 ἐνοῦσαν
1037 890 1121 979 αὐτῷ
1133 888 1342 972 κακοήθειανὸ

218 991 378 1079 ἔκρυπτεν,
419 991 498 1054 ἀλλὰ
525 993 656 1057 ἐνεδίδου
683 999 727 1080 τῷ
750 994 821 1058 κατ’
853 995 992 1072 ἐξουσίαν
1020 993 1140 1060 ἅπαντα
1166 991 1319 1080 πράττειν.

218 1099 327 1182 ἐχρῆτο
350 1096 383 1159 δὲ
404 1093 448 1158 ίτι
466 1098 518 1158 καί
535 1105 599 1172 τοῖς
616 1099 755 1183 πατρίοις
772 1098 878 1185 ἱεροῖς,
906 1098 942 1163 οὐ
959 1105 1048 1182 τιμῆς
1064 1099 1150 1163 ἕνεκα
1163 1103 1282 1180 μᾶλλον
1300 1094 1320 1176 ἢ

215 1201 335 1285 χρείας·
361 1189 447 1284 ᾗκαί
465 1196 609 1280 μάντεσιν
626 1201 762 1265 ἐπείθετο
769 1249 779 1280 ,
806 1203 1023 1288 πεπειραμένος
1039 1198 1081 1277 ὡς
1097 1202 1202 1285 ἀληθῆ
1216 1209 1321 1284 προεῖ-

218 1326 277 1367 πον
294 1304 342 1366 ἐπὶ
357 1307 433 1366 πᾶσι
447 1313 511 1379 τοῖς
526 1305 783 1388 κατωρθωμένοις
798 1305 890 1393 αὐτῷ.
943 1307 1005 1370 duci
1023 1305 1053 1370 d²
1073 1307 1115 1382 εἰς
1131 1304 1186 1387 τὴν
1200 1301 1321 1386 Ῥώμην

221 1405 345 1492 ἀφίκετο
367 1404 478 1486 μεστὸς
499 1402 600 1490 πάσης
617 1407 812 1486 ἀλαζονείας,
839 1407 898 1495 ἀφ’
917 1405 1018 1485 ἱστίας
1037 1407 1126 1495 ᾠήθη
1145 1411 1207 1474 δεῖν
1225 1405 1321 1492 dpat-
1333 1419 1365 1469 10

109 1531 134 1569 a.
151 1515 205 1572 826
222 1513 299 1573 σθαι
321 1515 375 1591 τῆς
396 1509 546 1591 ἀσεβείας.
598 1511 737 1596 Κρίσπον
752 1511 812 1598 γὰρ
827 1515 924 1576 παῖδα
939 1519 992 1594 τῆς
1005 1519 1061 1576 τοῦ
1079 1515 1254 1597 Καίσαρος,
1282 1507 1324 1584 ὡς

166 1634 168 1639 ·
222 1613 341 1700 είρηταί
358 1637 412 1694 μοι
434 1610 597 1700 πρότερον,
628 1615 800 1692 ἀξιωθίντα
824 1622 930 1699 τιμῆς,
967 1619 1009 1692 είς
1030 1613 1169 1699 ὑποψίαν
1192 1609 1326 1679 ἐλθόντα

222 1723 277 1782 ruri
294 1714 424 1803 Φαίστη
437 1723 476 1803 τῇ
488 1723 624 1807 μητρυιᾷ
636 1729 778 1796 συνεῖναι,
804 1726 860 1783 τοῦ
873 1725 928 1802 τῆς
941 1717 1063 1807 φύσεως
1077 1723 1197 1800 θεσμοῦ
1208 1718 1326 1800 μηδίνα

223 1817 312 1905 λόγον
328 1818 532 1904 ποιησάμενος
548 1821 655 1886 ἀνεῖλε.
707 1829 762 1905 τῆς
776 1823 810 1886 ’δὲ
826 1825 1060 1888 novocomum
1075 1821 1193 1906 μητρὸς
1205 1817 1326 1902 Ἓλίνης

223 1925 271 1988 ἐπὶ
286 1929 330 2010 τῷ
343 1920 510 2011 τηλικαύτην
528 1922 622 1988 πείθει
640 1924 896 2009 δυσχεραινούσης
911 1929 962 1989 καί
980 1925 1114 2006 ἀσχέτως
1129 1925 1183 2006 τὴν
1203 1923 1324 2008 ἀναίρε-
1334 1929 1366 1986 15

224 2045 273 2091 σιν
296 2032 351 2089 τοῦ
371 2027 439 2089 νίου
462 2024 630 2113 ηεροιίσης,
655 2025 937 2112 παραμυθούμενος
958 2025 1059 2116 ὥσπερ
1083 2027 1179 2111 αὐτὴν
1197 2024 1213 2091 ὃ
1234 2029 1326 2092 Κων-

224 2138 380 2205 σταντΐνος
401 2136 486 2216 κακῷ
507 2130 542 2193 τδ
564 2127 658 2193 κακδν
672 2128 780 2194 ίιίσατο
795 2134 923 2212 μείζονι·
948 2137 1111 2213 βαλανεῖον
1125 2132 1184 2218 γὰρ
1199 2127 1274 2218 ὑπὲρ
1291 2131 1326 2195 τὸ

224 2235 335 2318 μέτρον
355 2233 569 2318 ἓκπυρωθῆναι
588 2230 733 2309 κελεύσας
753 2237 805 2297 καὶ
824 2231 922 2321 τούτῳ
938 2235 993 2318 τὴν
1014 2239 1163 2300 Φαῦσταν
1176 2236 1327 2300 ίναποθί-

224 2361 315 2418 μενος
338 2333 460 2420 ἐξήγαγε
482 2335 591 2421 νεκρὰν
609 2337 779 2421 γενομένην.
828 2344 926 2402 ταῦτα
944 2337 1198 2420 συνεπιστάμενος
1217 2336 1326 2424 inusti,

226 2443 276 2504 καὶ
294 2440 416 2523 προσίτι
433 2464 466 2522 χε
483 2437 582 2524 ὅρκων
599 2438 860 2527 καταφρονήσεις,
886 2439 1012 2528 προσῄει
1042 2453 1107 2518 τοῖς
1136 2443 1245 2529 ἱερεῦσι
1270 2447 1370 2504 xrs-20

226 2541 346 2624 θάρσια
362 2547 423 2606 τῶν
439 2539 661 2627 ἡμαρτημίνων
677 2546 780 2608 αἲτιίνν.
807 2542 950 2609 είιιόντων
965 2547 999 2610 δὲ
1014 2542 1056 2622 ὡς
1069 2545 1104 2610 ori
1121 2547 1329 2632 παραδίδοται

226 2651 394 2731 καθαρμοῦ
413 2644 525 2732 τρόπος
550 2644 769 2730 δυσσιβήματα
792 2653 959 2732 τηλικαῦτα
988 2655 1126 2736 καθῆραι
1152 2647 1329 2732 δυνάμενος,

295 2806 473 2876 Βπροειπδν
490 2807 551 2862 urs
575 2826 635 2862 corr
650 2811 680 2865 S.
794 2814 827 2866 10
843 2807 992 2875 ἀλαζονίας
1008 2811 1039 2864 L.
1153 2815 1184 2867 11
1204 2814 1330 2882 Κρῖσπον

298 2877 353 2931 LP.
390 2878 511 2946 Πρίσκος
539 2885 580 2932 est
603 2879 700 2932 Suidae
715 2883 734 2937 2
751 2897 778 2950 p.
795 2882 847 2936 377
864 2881 941 2933 Kust.
1083 2884 1115 2936 16
1132 2878 1222 2951 αὐτὴν
1238 2879 1330 2948 οἵσπερ

297 2947 402 3071 gigans·
517 2949 550 3002 18
566 2943 730 3019 ἔκπυροίσας
745 2947 838 3020 τούτῳ
856 2950 959 3004 suidas.
1075 2952 1107 3005 19
1123 2949 1274 3021 γενομένην
1290 2967 1330 3002 om

229 3157 340 3211 victuro.
376 3172 460 3225 neque
482 3155 559 3209 multo
581 3160 640 3226 pust
659 3158 698 3224 ei,
716 3157 811 3209 violata
822 3155 983 3210 iurisiurandi
995 3157 1132 3226 religione,
1151 3156 1219 3227 quod
1231 3155 1331 3226 quidem

231 3225 402 3279 Constantino
414 3242 464 3278 non
475 3225 587 3277 insolens
599 3231 669 3292 erat,
688 3227 780 3295 laqueo
793 3226 871 3279 vitam
882 3227 984 3279 ademit.

300 3297 343 3348 29.
376 3295 547 3364 Posteaquam
564 3296 708 3348 universum
725 3295 856 3365 imperium
874 3297 907 3348 nd
919 3297 993 3349 unius
1006 3294 1167 3350 Constantini
1178 3299 1332 3364 potestatem

231 3365 363 3423 rediisset,
388 3380 438 3413 non
452 3363 501 3414 iam
513 3363 620 3431 amplius
630 3364 730 3417 insitam
742 3373 863 3418 enatura
875 3366 993 3418 rualitiam
1006 3366 1123 3432 tegebat,
1140 3365 1187 3417 sed
1197 3365 1332 3432 indulgens

231 3434 307 3485 animi
325 3431 423 3484 libidini
442 3431 526 3483 omnia
539 3448 590 3515 pro
607 3433 714 3502 imperio
731 3435 833 3502 agebat.
868 3441 894 3487 et
904 3434 1006 3503 patritie
1017 3434 1100 3486 adlruc
1112 3434 1191 3486 sacris
1203 3436 1334 3496 utebatur,

232 3519 282 3554 nou
294 3511 347 3552 tam
358 3501 463 3553 honoris
473 3501 638 3568 religionisve
649 3519 726 3555 causa
737 3519 813 3572 quam
825 3503 998 3567 necessitatis3
1016 3519 1067 3573 quo
1078 3503 1159 3555 fiebat
1171 3513 1199 3556 nt
1211 3513 1237 3556 et
1247 3503 1334 3556 hariu-

230 3571 263 3623 lis
284 3571 359 3621 tidem
381 3570 503 3633 haberet,
522 3579 645 3640 expertus
657 3589 721 3625 vera
735 3590 780 3625 eos
794 3571 952 3642 praedixisse
964 3572 1083 3624 derebus
1094 3573 1210 3625 omnibus
1221 3589 1283 3642 quus
1295 3575 1334 3622 le-

231 3640 315 3692 liciter
331 3639 462 3706 gessisset.
496 3641 586 3692 alubi
605 3640 710 3694 Romam
729 3641 814 3706 venit,
833 3641 912 3693 omnis
929 3642 1092 3710 arrogantiae
1105 3643 1207 3712 planus,
1234 3642 1333 3710 abipso

231 3709 285 3762 lare
295 3709 344 3760 sibi
356 3709 503 3760 sumendum
515 3708 652 3779 impietatis
664 3711 795 3763 exordium
803 3711 915 3794 putarit.
950 3727 1006 3764 naur
1018 3710 1137 3780 Crispum
1154 3712 1247 3777 lilium,
1266 3711 1334 3761 Cne-

232 3779 312 3842 saris,
336 3783 366 3828 ut
384 3785 443 3829 ante
461 3778 556 3830 dictum
577 3788 632 3842 est,
656 3788 774 3832 ornatum
790 3781 880 3842 titulo,
906 3779 973 3849 qnod
993 3779 1019 3831 in
1037 3795 1079 3831 sus
1097 3781 1203 3832 icionem
1221 3779 1335 3832 venisset

233 3847 308 3918 quasi
327 3863 382 3900 euru
399 3847 496 3899 Fausta
513 3864 625 3900 noverca
635 3858 832 3915 consuesceret,
849 3849 919 3900 nulla
929 3849 1029 3900 ratione
1040 3848 1101 3901 iuria
1113 3849 1235 3901 naturalis
1247 3847 1335 3899 habita

233 3915 343 3970 sustulit.
379 3933 483 3985 cumque
496 3915 658 3969 Constantini
673 3927 754 3970 mater
764 3919 863 3971 Helena
876 3926 971 3970 tantam
985 3917 1152 3970 calamitatem
1164 3934 1242 3985 aegro
1253 3915 1335 3967 ferret

158 4040 161 4046 ,
235 3986 318 4038 animo
329 3993 356 4037 ct
366 3985 549 4038 intolerabilem
562 3987 687 4039 aceede
698 3987 798 4038 iuvenis
809 3987 920 4039 dolorem
932 3988 1081 4057 perciperet
1115 3985 1186 4056 qnasi
1204 3985 1335 4036 consolans

237 4071 293 4106 eam
305 4053 485 4106 Constantinus
497 4055 586 4108 mulum
598 4056 663 4108 malo
675 4057 762 4108 maiori
774 4057 887 4110 sanavit:
905 4073 962 4109 rrum
980 4074 1035 4109 cum
1053 4029 1176 4109 balncum
1194 4071 1269 4124 supra
1281 4069 1335 4106 τοο-

235 4123 294 4176 dun
315 4122 419 4174 accendi
439 4123 570 4190 iussisset,
588 4125 664 4194 eique
682 4127 803 4178 Faustam
820 4125 979 4190 inclusisset,
996 4135 1121 4178 mortuam
1140 4124 1199 4176 inde
1216 4123 1335 4175 extraxit.

235 4193 326 4244 horum
337 4191 393 4261 ipse
404 4190 451 4243 sibi
463 4193 593 4258 conscius,
611 4198 638 4245 et
652 4204 786 4262 praeterea
798 4202 959 4263 contemptae
969 4203 1184 4247 sacramentorum
1197 4193 1337 4260 religionis,

236 4260 269 4312 ad
281 4259 397 4311 flamines
408 4260 533 4313 accedens
543 4261 708 4314 admissorum
720 4262 886 4316 lustrationes
896 4265 1028 4334 poscebat.
1063 4263 1113 4316 illis
1123 4262 1337 4334 respondentibus

237 4345 288 4382 uun
306 4345 364 4384 esse
381 4329 501 4383 nuditum
518 4329 676 4385 lustrationis
691 4333 791 4386 mudum
799 4371 807 4400 ,
826 4333 869 4404 qui
882 4339 932 4387 tam
944 4333 1019 4387 foeda
1031 4333 1133 4403 piacula
1145 4333 1231 4386 eluere
1242 4339 1335 4402 posset,
