3025 4892
390 287 727 358 commortuus
755 285 1024 360 unronrcus.
1190 285 1265 380 ete

161 455 253 521 tionis
271 473 386 518 aunum
405 455 607 520 emisenum
625 452 779 518 ‘ledanum
801 473 952 538 quemque
966 453 1178 536 prodiderunt,
1200 457 1264 534 elli,

162 544 320 626 inquibus
334 544 471 605 Valerius
484 545 609 620 Antias,
629 542 733 617 Varro,
753 542 859 602 Livius
873 553 903 600 et
914 545 1110 620 Augustinus,
1133 545 1264 603 oentesi·

162 631 689 789 &diuinitati
697 637 849 774 ‘illu
862 630 1262 776 lltltttitllll!

161 821 231 860 rum
246 801 460 860 eelebretionee
479 800 614 878 singulus
632 799 764 878 spatium
785 798 927 858 scribenti
947 795 1037 878 (h.1.
1053 810 1083 858 et
1099 819 1125 858 o.
1141 798 1181 878 6)
1204 798 1261 859 ed-

162 887 343 967 stipulantur
365 887 572 946 oommentarii
596 883 637 949 15
659 887 793 944 virorum
815 882 897 962 apud
918 885 1131 960 censorinum,
1161 889 1261 946 Hora-

161 974 222 1032 tius
234 974 366 1030 oarmiue
381 972 543 1044 saeculari,
562 982 593 1030 et
605 973 684 1030 Aoro
703 970 737 1028 iu
753 971 966 1030 commentario
982 967 1020 1028 ed
1032 968 1116 1031 idem
1129 989 1260 1033 carmen.

161 1056 237 1139 quid
250 1060 328 1116 inter
340 1076 392 1116 eos
403 1058 444 1116 sit
458 1053 654 1132 diwrhuiniu
685 1074 727 1113 ex
739 1052 797 1113 huo
809 1055 911 1113 tabula
928 1056 1057 1133 intelligi
1071 1057 1196 1134 poterit,
1220 1075 1261 1118 ex
1277 1050 1281 1056 ’

160 1144 324 1205 Censorino
345 1139 404 1222 (de
426 1140 476 1200 die
496 1141 592 1200 natali
611 1161 638 1199 o.
663 1137 721 1219 17)
745 1141 872 1220 ιῑίἰιφιο
895 1141 1087 1219 seriptoribus
1114 1141 1260 1200 oonfeota.

160 1231 260 1308 priore
272 1230 339 1288 loeo
351 1239 487 1306 tempora
498 1228 533 1285 in
549 1226 590 1290 15
610 1227 745 1285 virorum
761 1228 983 1288 commentariis
996 1235 1099 1286 notata
1111 1224 1261 1308 adscripta

160 1316 231 1387 sint,
253 1315 347 1374 altero
361 1323 497 1391 tempora
509 1312 546 1370 ab
560 1313 683 1370 Antiote
698 1321 728 1370 et
743 1311 810 1370 aliie
825 1310 945 1372 tradita.

204 1398 238 1480 1)
259 1400 324 1466 295
340 1419 372 1456 u.
382 1418 416 1456 o.
428 1400 471 1455 Μ.
485 1397 623 1472 Valerio,
644 1397 699 1476 Sp.
715 1398 855 1477 Verginio
870 1416 947 1456 coss.

286 1482 322 1562 b)
344 1480 407 1548 245
422 1483 572 1542 avalone
586 1483 750 1560 Poplicola,
775 1492 810 1539 ut
824 1482 940 1540 Antion
951 1479 1053 1542 tradit.

202 1567 237 1650 2)
259 1567 322 1632 408
336 1569 379 1624 Μ.
395 1567 514 1627 Valerio
527 1568 654 1628 corvino
668 1567 779 1628 iterum
790 1576 820 1628 et
834 1567 867 1628 0.
880 1569 1007 1628 Poetilio
1021 1583 1100 1630 oona.

286 1650 322 1733 b)
344 1650 407 1716 805
423 1654 540 1711 Antias.

174 1777 178 1785 ›
202 1737 238 1818 3)
259 1737 371 1804 6181).
388 1738 527 1796 cornelio
538 1737 669 1796 Lentulo
685 1743 716 1796 et
730 1737 764 1796 0.
781 1735 898 1795 Licinio
913 1737 1045 1796 Varrone
1058 1755 1135 1798 ooss.

287 1821 323 1903 b)
343 1825 380 1881 Ρ.
400 1821 527 1883 Claudio
544 1821 695 1899 Pulohro,
724 1823 761 1884 0.
776 1824 863 1882 lunio
878 1821 968 1882 Pullo
984 1841 1061 1884 oues.
1104 1821 1221 1884 Antias
1231 1833 1263 1884 et

288 1992 319 2074 o)
339 1995 373 2052 iu
383 1993 494 2053 tabulls
508 1993 684 2072 Capitolinis
696 1994 740 2052 ita
753 1983 845 2052 huius
858 1994 1003 2072 temporis
1016 1990 1082 2050 ludi
1100 1989 1262 2071 designan-

343 2088 408 2139 tur:
430 2079 499 2138 ludi
511 2078 681 2138 saeculares
695 2087 760 2136 tert.
783 2078 837 2135 Μ’.
851 2079 993 2138 Aemilio.
1006 2079 1103 2139 M'.F.
1110 2079 1153 2138 Μ.
1161 2081 1262 2141 Livio·

344 2165 387 2223 Μ.
401 2166 436 2223 F.
450 2167 492 2224 M.
506 2167 542 2224 N.
556 2165 724 2224 Salinatore
735 2165 817 2242 Meg.
831 2182 857 2221 x
869 2166 925 2222 vir.

201 2245 238 2328 4)
260 2249 323 2312 628
338 2251 381 2308 Μ.
397 2251 523 2308 Manilio
536 2248 651 2330 Lepido
667 2260 698 2308 et
708 2251 746 2308 L.
762 2249 886 2308 Aurelio
901 2251 1004 2308 Oreste
1020 2267 1095 2308 coss.

286 2331 322 2413 b)
345 2335 408 2402 605
421 2337 458 2396 L.
471 2337 585 2396 Marcio
603 2337 784 2412 Censorino,
810 2335 854 2394 Μ.
871 2335 996 2394 Meuilio
1013 2353 1090 2394 coes.
1130 2333 1261 2409 Antia«,

274 2438 276 2441 ·
350 2420 460 2489 Varro,
480 2421 600 2481 Livius.

289 2498 320 2582 o)
341 2501 404 2568 608
426 2505 481 2564 cn.
497 2505 635 2565 cornelio
647 2504 795 2579 Lentulo,
822 2506 860 2563 L.
872 2505 1020 2564 Mummio
1036 2501 1169 2564 Achaico
1184 2524 1262 2564 ooss.

343 2589 431 2658 Piso)
444 2587 576 2660 Gellius,
593 2589 727 2661 Quum,
738 2589 889 2658 Hemina,
903 2593 956 2668 qui
966 2590 1163 2667 illotempore
1171 2593 1261 2650 vixit.

204 2666 240 2750 6)
261 2672 323 2735 787
346 2673 380 2732 0.
399 2674 527 2749 Furnio,
561 2674 596 2733 0.
616 2675 702 2734 lunio
721 2673 827 2732 Silano
850 2692 925 2732 onas.
970 2673 1111 2731 celebrati
1130 2685 1201 2732 sunt
1221 2675 1260 2732 ab

245 2759 382 2834 Augmto
396 2769 426 2816 et
439 2761 593 2839 Agrippa,
622 2769 653 2818 et
672 2777 794 2818 carmen
813 2759 965 2816 saeculare
983 2757 1020 2816 ab
1035 2759 1159 2818 Horatio
1176 2779 1261 2820 oom-

244 2844 379 2921 poeitum
395 2844 463 2902 fuit.

288 2926 322 3007 b)
342 2931 379 2988 L.
395 2929 558 2994 Censorino
572 2939 603 2988 et
615 2929 657 2988 Μ.
674 2929 800 2987 Manilio
815 2947 891 2988 eous.
935 2927 1083 2988 Zosimus.

203 3009 239 3091 6)
260 3013 323 3077 000
340 3015 412 3074 Tib.
432 3012 556 3073 Claudio
571 3015 697 3073 Caesare
712 3012 733 3078 4
746 3024 777 3072 et
790 3016 827 3073 L.
842 3012 964 3074 Vitellio
981 3031 1056 3073 ooss.
1100 3012 1260 3074 eelebretio

244 3096 325 3157 fauo
343 3118 406 3158 non
424 3100 504 3161 iueto
524 3095 580 3158 sod
596 3109 755 3179 praecepto
776 3108 929 3178 tempore,
956 3101 1000 3158 lta
1026 3108 1139 3158 utnon
1161 3100 1261 3160 maius

244 3202 337 3264 quam
352 3186 393 3250 63
409 3203 557 3244 annorum
569 3186 782 3264 interpositum
796 3186 927 3264 epatium
943 3192 1031 3244 esset.
1315 3204 1326 3236 x

202 3267 239 3347 7)
258 3269 318 3332 841
333 3271 507 3329 Domitiano
522 3269 564 3336 14
579 3281 608 3328 et
620 3271 656 3328 1..
668 3272 801 3328 Minucio
816 3269 895 3329 Rufo
911 3289 985 3329 oues.
1007 3286 1107 3348 neque
1117 3263 1166 3326 his
1178 3263 1262 3328 ludin

245 3372 334 3412 suum
355 3365 385 3412 et
403 3357 518 3414 iustum
534 3365 655 3434 tempus
667 3356 740 3414 fuit:
763 3373 837 3414 nam
856 3354 1052 3436 praeterlapsi
1064 3352 1156 3414 modo
1175 3363 1261 3414 erant

245 3448 314 3518 post
327 3437 417 3499 ludos
432 3441 470 3498 nb
482 3443 620 3518 Augusto
631 3443 784 3500 institutos
803 3441 863 3506 104
876 3441 957 3500 anni.

203 3520 239 3603 8)
260 3523 321 3588 957
336 3524 440 3582 Cilone
453 3529 474 3588 2
488 3536 518 3584 ot
531 3526 647 3584 Libone
663 3546 750 3601 ouen,
770 3527 950 3606 imperatore
965 3523 1087 3585 Severo.
1108 3519 1175 3581 ludi
1190 3539 1260 3582 sue·

245 3607 376 3684 mulares,
405 3627 579 3690 quanquam
591 3612 746 3690 negleotoa
760 3631 811 3670 eon
824 3621 893 3690 post
905 3611 1009 3670 Severi
1024 3617 1154 3668 aetatem
1166 3608 1259 3667 sitisse

244 3693 385 3754 Zosimus
404 3694 524 3771 scribit,
552 3694 689 3755 uondrnn
701 3698 737 3755 in
750 3693 982 3756 desuetudinem
996 3695 1149 3754 abierunt:
1179 3693 1261 3750 eele-

243 3776 341 3844 brutio
354 3780 436 3837 enim
448 3799 551 3838 eorum
562 3792 729 3840 memorate
743 3793 799 3856 est,
814 3791 948 3860 tempore
961 3781 1096 3859 legitimo
1111 3776 1262 3855 negleoto.

201 3861 238 3942 9)
262 3865 344 3928 1000
356 3883 388 3923 u.
403 3884 429 3924 o.
444 3863 585 3946 Philippo
599 3877 684 3946 petre
699 3872 719 3930 ll
739 3875 770 3926 et
791 3866 852 3926 fillo
870 3869 890 3928 3
907 3885 982 3927 ooss.
1005 3861 1086 3943 apud
1100 3864 1223 3940 Eutrop-
1241 3863 1262 3924 9

246 3949 284 4022 a,
319 3945 486 4009 cassiodor.
509 3961 539 4010 et
555 3951 667 4013 Luseb.
688 3949 799 4012 Chron.
823 3960 853 4009 et
873 3952 949 4009 item
969 3953 1003 4008 in
1025 3949 1136 4008 numia.
1180 3943 1262 4026 quod

243 4033 392 4092 Panviuio
404 4033 540 4096 trudente
551 4037 585 4095 iu
597 4055 691 4097 numo
705 4039 807 4118 aliquo
823 4036 950 4114 legitur,
981 4033 1142 4094 Galliam
1154 4031 1261 4110 Aug„

246 4116 284 4175 ab
304 4118 398 4177 altera
416 4119 584 4180 saeculam
595 4121 686 4202 Aug.
694 4163 709 4194 ,
729 4121 764 4182 id
777 4139 876 4202 neque
894 4140 963 4180 oum
983 4119 1125 4198 temporie
1145 4117 1260 4175 ratione
1311 4163 1313 4170 ,

183 4266 187 4277 ,
245 4221 413 4282 onagrum
429 4215 476 4268 est
486 4224 587 4290 neque
601 4208 728 4270 alieuius
743 4208 895 4290 soriptoris
911 4205 1082 4267 testimonio
1100 4203 1260 4289 auotorita-

246 4295 309 4348 tem
319 4291 438 4374 eooipit.
