3025 4892
521 280 616 359 ‘unt
642 294 663 361 ε
689 294 776 361 car.
798 296 829 361 ε.
854 298 885 363 o.
1191 296 1264 368 179

162 466 208 542 τίς
228 464 273 547 εἲ-ἠ
292 466 347 533 ,καλ
372 465 449 529 κατά
471 466 536 530 τένα
558 462 626 549 ἥκοι
639 466 747 551 χρείαν
765 468 817 531 καλ
833 462 916 544 ὅπως
932 466 994 533 δέοι
1012 476 1076 545 τοῖς
1089 465 1266 556 πράγμασιν

163 569 339 632 ἐπιθέσθαι.
390 569 492 633 τοῦδέ
508 580 659 635 κοινωνεῖν
676 568 772 635 ἅπασι
785 580 850 647 τοῖς
863 572 1099 657 ἐγχειρουμένοις
1113 571 1264 659 ὅμολογή-
1295 580 1307 597 '

164 696 293 749 σαντος,
318 673 368 735 καὶ
388 670 466 737 ένθα
490 672 561 757 [δ’]
589 671 627 738 ἂν
644 669 757 755 δεήσειε
773 671 921 758 χρήματα
929 685 1081 760 χορηγεῖν,
1106 680 1266 763 προοίμιον

166 772 346 857 ἐποιήσαντο
365 781 420 857 τῆς
439 774 577 861 πράξεως
595 776 630 840 τὸ
652 778 833 863 διαφθεῖραι
854 774 993 863 χρήμασι
1008 778 1064 861 τὴν
1080 782 1111 843 ἐν
1126 786 1165 867 τῇ
1181 778 1266 846 πόλει

142 887 159 943 6
166 880 396 961 sedeozardima
420 876 575 965 ηρουράν,
601 879 639 960 ἣν
656 877 798 965 τάγματα
823 888 1017 966 στρατιωτῶν
1043 879 1098 947 δύο
1124 882 1266 969 ἐπλήρου.

167 979 296 1058 δούλους
317 982 350 1045 δέ
368 981 445 1065 πρὸς
466 980 804 1063 τούτοιςδπλέσαντες,
838 986 890 1048 καλ
917 983 974 1049 orio
998 984 1034 1049 οὗ
1059 990 1164 1072 πολλῷ
1184 984 1267 1073 πόνῳ

166 1089 287 1165 πλῆθος
306 1084 362 1149 οὐκ
386 1086 485 1169 ὀλίγον
505 1082 725 1171 συναγαγόντες
746 1084 798 1151 οἷα
818 1092 939 1152 πολλῶν
958 1089 989 1153 ἐν
1006 1086 1126 1166 τούτοις
1140 1086 1268 1165 έουτοδς

165 1184 290 1263 ἱκάντας
305 1186 515 1268 ἐπιδιδόντων,
541 1189 650 1265 νυκτὸς
666 1190 742 1275 άωρλ
766 1189 802 1255 τὸ
819 1196 941 1273 πλῆθος
958 1192 1171 1277 ἐπαρέντεςτῇ
1185 1190 1270 1256 πόλει

166 1289 374 1373 συνετάραξαν
398 1288 552 1369 ἅπαντας·
589 1298 638 1357 καὶ
666 1294 788 1359 οἴκοθεν
820 1295 940 1359 ἕκαστοι
964 1292 1118 1379 προϊόντες
1138 1298 1269 1359 ἐθεῶντο

125 1392 343 1479 1οΠροκόπιον
359 1392 460 1481 ῶσπερ
478 1394 536 1459 άπὸ
551 1402 663 1479 σκηνῆς
678 1399 808 1479 βασιλέα
823 1398 1054 1479 σχεδιασθέντα.
1080 1398 1149 1481 (6)
1169 1396 1269 1484 δορά-

165 1505 224 1583 βου
250 1499 282 1562 δέ
300 1500 443 1582 μεγίστου
466 1498 522 1580 τὴν
542 1498 631 1564 πάλιν
646 1498 769 1565 ἅπασαν
788 1500 918 1591 έχοντος,
945 1499 1068 1577 ου’·δενός
1085 1527 1116 1566 τε
1134 1500 1221 1577 ὄντος
1239 1504 1271 1566 ἐν

166 1600 268 1687 ἐαυτῷ
287 1606 348 1664 τῶν
367 1611 489 1688 ιγρσνεῖν
512 1600 551 1665 τὰ
573 1604 680 1667 δέοντα
699 1605 874 1686 δυναμένων
889 1604 941 1667 διδ
956 1603 992 1669 sd
1007 1611 1063 1686 τῆς
1077 1602 1272 1688 ἐγχειρήσεως

167 1701 399 1789 ἀπροσδόκητον
406 1752 415 1782 ,
436 1703 478 1767 ἐτι
500 1702 573 1781 τοὺς
595 1704 727 1783 πολλοδς
747 1703 764 1769 ὃ
786 1704 964 1793 Προκάιιιος
981 1705 1144 1772 λανθάνειν
1163 1704 1270 1785 ἐδόκει,

166 1803 348 1889 βεβαιώσειν
362 1804 461 1893 ἐαυτῷ
475 1807 511 1871 τὸ
525 1804 647 1892 κράτος,
673 1812 701 1873 ελ
718 1807 813 1874 λάθοι
827 1811 911 1889 τέως,
931 1806 1077 1891 οἰόμενος.
1129 1812 1181 1875 καὶ
1195 1815 1271 1875 συλ-

126 1917 159 1973 15
169 1910 273 1991 λοβῶν
293 1907 465 1995 Καισάρων
472 1958 483 1989 ,
517 1910 552 1975 ὃν
574 1910 680 1993 ἔτυχον
703 1912 733 1975 οἱ
751 1919 890 1995 βασιλεῖς
914 1910 1030 1991 πόλεως
1048 1911 1187 1998 ὕπαρχον
1214 1939 1272 1976 κα-
1296 1980 1299 1992 ,

166 2010 383 2095 ταστησαντες,
401 2013 442 2077 ἐτι
461 2014 493 2077 δέ
509 2017 560 2077 καὶ
576 2017 752 2100 Νεβρέδιον,
770 2007 796 2103 ᾧ
810 2022 865 2098 τῆς
878 2016 973 2099 αὐλῆς
987 2016 1066 2097 μετὰ
1083 2014 1273 2083 Σαλούστιον

167 2117 348 2201 παρέδωκαν
369 2117 426 2201 τὴν
443 2115 557 2205 ἀρχήν,
582 2115 710 2204 γράφειν
727 2120 768 2183 τὰ
784 2119 870 2208 αὐτῷ
886 2123 1035 2185 δοκοῦντα
1049 2130 1114 2196 τοῖς
1128 2116 1274 2203 ὑπηκόοις

167 2219 341 2305 ἠνάγκαζεν.
394 2217 542 2306 ἐφύλαττε
567 2222 600 2287 δὲ
622 2224 685 2311 ῖδίρ
710 2224 848 2301 ἕκαστον,
873 2223 909 2288 sd
923 2223 969 2305 μὴ
982 2230 1162 2305 κοινωνῆσαι
1178 2224 1273 2305 σκέμ-

168 2348 266 2407 ματος
282 2324 386 2399 adroic
399 2324 576 2389 ἀποκλείων.
625 2322 743 2391 τούτων
757 2328 792 2391 δέ
809 2326 892 2413 αὐτῷ
908 2328 1156 2409 βεβουλευμένων
1172 2329 1215 2402 εἷς
1232 2324 1273 2390 τά
1360 2310 1364 2323 .

127 2428 312 2509 ῖθβασέλεια
324 2424 429 2511 προῄει
445 2423 595 2514 λαμπράς,
618 2427 759 2494 ἀνελθὼν
773 2431 807 2495 δέ
821 2433 864 2506 εἷς
876 2429 911 2495 sd
926 2429 986 2516 πρδ
999 2438 1054 2514 τῆς
1065 2430 1162 2512 αὐλῆς
1172 2435 1272 2513 βῆμα,

168 2534 221 2595 καὶ
240 2526 407 2625 πληρώσας
430 2531 559 2595 ἐλπίδων
584 2533 636 2594 καὶ
661 2527 766 2617 άδρῶν
784 2530 976 2616 ὑποσχέσεων
1001 2532 1157 2612 ἅπαντας,
1182 2530 1275 2619 εἰσῄει

242 2706 260 2763 5
274 2703 486 2773 καθισταμένην
498 2704 519 2757 S
529 2722 576 2775 pro
587 2704 710 2758 librorum
721 2706 939 2776 καθισταμένην.
1056 2710 1090 2763 12
1107 2704 1137 2762 ἐν
1149 2704 1275 2763 {sororii

242 2778 276 2830 13
291 2772 381 2829 ἐδόκει
393 2774 482 2828 eodem
492 2790 568 2829 sensu
579 2774 675 2827 dictum
686 2792 736 2845 quo
747 2772 861 2845 ἐγνώκει
871 2777 1015 2843 constituit,
1030 2782 1061 2830 nt
1071 2777 1226 2849 saepissime.
1237 2778 1273 2831 11.

242 2848 275 2901 16
292 2845 445 2913 Νευρέδων
455 2845 485 2897 Ρ.

171 3010 226 3065 set,
245 3015 331 3067 qrrore
347 3000 424 3067 pecto
441 3012 482 3049 roa
493 2996 600 3065 aggredi
612 3002 757 3067 oporteret,
775 2998 882 3054 indicat.
915 2999 962 3052 illo
973 2999 1087 3070 pollicito
1098 3015 1128 3052 se
1138 3003 1275 3053 venturum

171 3070 196 3123 in
215 3069 363 3121 societatem
384 3066 491 3118 omniurn
512 3082 579 3135 quae
598 3076 776 3133 tentarentur,
808 3076 887 3137 atque
905 3070 981 3122 etiam
1001 3068 1137 3139 pecunias,
1154 3069 1196 3121 ubi
1213 3086 1275 3123 usus

171 3148 302 3208 posceret,
322 3136 557 3205 suppeditaturum,
574 3137 607 3188 ab
623 3138 672 3189 boc
692 3138 777 3189 exorsi
795 3151 856 3190 sunt
874 3136 1014 3207 principio,
1032 3146 1060 3189 ut
1071 3138 1236 3190 constitutum
1248 3138 1274 3190 in

171 3210 236 3259 urbo
253 3206 423 3276 praesidium,
440 3205 509 3273 quod
527 3204 625 3259 duobus
638 3206 741 3257 rnilitum
753 3207 863 3258 numeris
873 3206 1023 3271 constabat,
1040 3208 1148 3275 pecunie
1161 3225 1276 3259 corrum-

171 3286 271 3346 perent.
306 3283 412 3343 praeter
431 3274 478 3326 hos
498 3274 581 3327 servis
598 3276 711 3341 armatis,
729 3292 778 3327 nec
791 3292 883 3343 magno
895 3276 986 3329 laboro
997 3293 1046 3328 non
1058 3277 1151 3343 exigue
1162 3276 1275 3328 multitu·

173 3344 232 3396 dine
251 3352 350 3411 coacta,
368 3344 484 3413 pluribus
504 3342 537 3395 ad
555 3342 695 3396 huiusmodi
713 3350 806 3413 sponte
822 3363 869 3397 sua
887 3353 969 3397 seruet
983 3346 1165 3412 offerentibus,
1182 3346 1274 3397 intem-

173 3421 250 3481 pesta
269 3420 343 3464 nocte
360 3414 438 3482 copiis
452 3412 477 3463 in
494 3414 581 3463 urbem
598 3404 714 3465 immissis
731 3412 865 3475 upivcrsos
874 3415 1070 3484 perturbarunt,
1088 3413 1156 3482 quod
1168 3414 1275 3483 quisque

173 3482 226 3535 auis
246 3498 279 3532 ex
300 3482 406 3533 aedibus
422 3482 518 3547 egressi
538 3482 705 3551 Procopium,
722 3482 802 3534 veluti
822 3501 906 3551 regem
923 3484 1060 3548 aconitum,
1078 3484 1162 3535 subito
1180 3484 1275 3535 lactum

174 3551 360 3617 conspicerent.
396 3553 451 3617 (6)
469 3568 525 3603 curn
539 3552 600 3602 urbs
617 3558 673 3603 toto
686 3552 795 3602 maximo
812 3552 837 3603 in
855 3553 964 3604 tumultu
976 3563 1131 3617 versaretur,
1147 3569 1195 3605 nec
1206 3553 1276 3621 apud

175 3637 205 3673 se
217 3620 347 3687 quisquam
358 3618 458 3669 illorum
470 3626 537 3671 esset
552 3620 595 3688 qui
612 3626 731 3690 poterant
748 3621 892 3689 intelligere
902 3622 961 3690 quid
974 3638 1039 3690 opas
1052 3628 1122 3673 essct
1131 3624 1201 3674 facto
1214 3639 1276 3687 pro·

174 3698 234 3759 pter
246 3695 352 3739 conatus
363 3686 467 3739 huiusce
479 3704 565 3739 casum
580 3688 790 3759 inexspectatum,
809 3689 951 3760 complures
964 3692 1048 3742 adbuc
1063 3689 1146 3743 lotoro
1162 3708 1190 3742 sc
1207 3690 1276 3742 Pro-

175 3756 266 3825 copius
286 3754 441 3819 existimans,
458 3756 589 3825 imperium
606 3759 654 3810 sibi
672 3776 701 3810 sc
720 3759 948 3824 constabiliturum,
965 3758 1039 3811 modo
1057 3776 1100 3811 res
1114 3767 1277 3811 σιτοποιου-

176 3826 334 3891 calcatore,
351 3822 521 3879 existimabat.
557 3843 664 3895 cumque
678 3828 835 3892 Caesarium,
853 3846 927 3896 quoru
938 3827 1108 3897 imperatores
1117 3830 1276 3897 praelectum

168 3894 247 3949 'urbis
265 3893 466 3960 constituerant,
484 3896 594 3963 itemque
613 3896 877 3964 Nebridium‚'quem
895 3906 954 3965 post
965 3897 1103 3950 Salustium
1119 3898 1277 3964 praelectum

175 3964 298 4037 praetorii
310 3965 432 4031 fecerant,
451 3964 668 4034 apprehendisset,
687 3966 743 4031 ltus,
757 3981 926 4034 quaecunque
939 3965 989 4018 sibi
997 3964 1154 4033 viderentur,
1170 3965 1202 4017 ed
1214 3966 1278 4017 sub-

176 4035 244 4086 ditos
263 4034 376 4085 scribere
396 4033 490 4099 coegit.
531 4040 558 4084 et
577 4050 690 4086 seorsum
710 4034 869 4087 custodiebat
887 4033 1013 4103 singulos,
1032 4052 1049 4086 a
1066 4034 1276 4087 communicandis

176 4103 287 4155 consiliis
299 4119 343 4155 eos
355 4101 500 4156 excludens.
526 4102 566 4153 his
578 4102 615 4155 ite
627 4102 773 4155 deliberatis
784 4103 815 4154 ad
827 4104 981 4173 praetorium
992 4102 1125 4173 splendide
1136 4103 1276 4173 processit,

176 4172 349 4239 adscensoque
367 4171 486 4223 tribunali
503 4170 572 4238 quod
588 4179 649 4222 ante
665 4171 821 4240 praetorium
839 4181 887 4239 est,
909 4190 965 4225 curn
982 4189 1030 4240 spe
1045 4188 1131 4225 omnes
1147 4173 1277 4241 longisque

177 4241 305 4310 promissis
318 4240 457 4311 implesset,
475 4238 628 4309 praetorium
639 4240 770 4309 ingressus
783 4248 831 4306 cst,
846 4249 934 4295 cetera
945 4250 1137 4311 procuraturus.
1173 4249 1200 4293 et
1211 4258 1278 4310 quo·

177 4308 243 4363 niam
261 4327 351 4364 recens
369 4310 537 4381 imperatores
547 4308 614 4365 inter
630 4326 660 4365 ac
674 4309 764 4381 paru'ti
776 4309 881 4366 fueram
897 4310 1043 4381 exereitus,
1059 4311 1093 4365 ed
1111 4310 1217 4377 milites,
1233 4310 1278 4381 qai
