3025 4892
392 275 731 344 committimus
757 275 1026 344 HISTORJCUS.
1192 275 1265 348 353

162 441 257 522 fugit,
288 451 379 523 atque
401 439 569 502 confitendo
589 444 736 522 flagitiose
760 444 840 503 lacta
861 444 1109 525 maiestatemque
1135 443 1265 503 submit-

161 529 254 588 tendo
273 529 430 586 flaminmn
450 533 617 608 praeceptis
637 531 825 588 lustrationis
845 529 882 586 ab
903 531 940 588 iis
954 533 1041 608 petiit
1056 532 1263 588 caerimonias.

163 613 273 673 deinde
287 613 454 673 sacerdotes
470 634 544 694 quos
559 613 651 688 adiit,
682 633 860 694 responsum
879 615 907 672 ei
927 619 1063 695 quamvis
1077 615 1263 694 imprudens,

161 701 275 758 iustum
296 710 396 757 tamen
420 711 449 758 et
469 699 506 758 de
525 701 590 758 iure
608 701 774 780 ritibusque
792 702 976 759 lustrationis
991 699 1146 758 dederunt.
1190 719 1263 758 nam

162 788 216 864 qui
233 785 404 843 criminibus
419 787 623 860 atrocioribus,
644 787 739 844 veluti
754 783 915 865 parricidio
935 787 1107 864 sacrilegio,
1129 787 1262 864 pollutos

161 868 307 928 haberent
321 872 447 946 animos,
470 874 508 929 iis
519 873 621 929 nullus
634 881 698 929 erat
710 872 891 951 expiationis
904 870 1022 945 modus,
1038 891 1106 929 curn
1122 891 1161 928 ex
1173 883 1263 929 vetu-

162 965 208 1014 sto
229 975 312 1014 more
331 975 385 1014 seu
409 957 508 1036 potius
523 977 564 1015 ex
576 969 677 1014 mente
692 955 876 1035 prudentum
891 953 1066 1031 hominum,
1089 959 1141 1036 qni
1155 959 1262 1034 priscis

160 1041 345 1119 temporibus
364 1043 468 1120 legum
486 1045 518 1098 vi
532 1043 797 1123 institutorumque
811 1041 976 1100 commodis
990 1042 1030 1100 ad
1041 1041 1263 1100 humanitatem

161 1128 256 1184 atera
269 1128 456 1207 immanique
471 1129 532 1185 vita
546 1128 685 1187 barbaras
703 1139 807 1206 gentes
821 1127 1018 1202 deduxerant,
1033 1139 1098 1186 tum
1111 1147 1152 1185 ex
1165 1129 1261 1206 ipsius

158 1213 293 1271 Platonis
306 1216 462 1285 sententia,
486 1231 578 1293 quam
592 1215 739 1272 seriorum
756 1223 888 1272 aetatum
900 1210 1055 1288 homines,
1077 1211 1176 1272 studio
1189 1211 1263 1291 phi-

159 1296 315 1376 losophiae
330 1299 503 1356 Platonicae
519 1297 629 1373 dediti,
651 1319 712 1357 non
736 1299 898 1359 adscivisse
920 1297 1011 1357 modo
1035 1297 1090 1357 sed
1112 1301 1261 1357 severiore

160 1385 252 1441 etiarn
271 1384 371 1463 aliqua
392 1386 635 1463 interpretatione
657 1388 700 1443 ita
719 1387 901 1465 explicuisse
916 1382 1074 1460 videntur,
1103 1395 1138 1441 ut
1159 1385 1262 1441 crimi-
1326 1437 1334 1454 ,

158 1486 234 1525 num
255 1488 333 1548 quae
357 1473 474 1547 expiari
493 1481 616 1549 possent
638 1490 764 1528 numero
783 1473 962 1544 imminuto,
990 1471 1129 1549 pauciora
1144 1478 1262 1527 tantum

157 1553 335 1611 lustratione
350 1555 416 1611 tolli
435 1566 589 1613 censerent
603 1554 655 1633 (cl.
670 1554 836 1634 Spanhem.
853 1553 892 1612 ad
908 1556 1016 1612 lulian.
1031 1573 1062 1633 p.
1077 1551 1165 1632 259).
1188 1553 1262 1634 quId

158 1640 253 1715 igitur
264 1637 301 1695 de
319 1639 487 1698 Sozomeno
508 1645 523 1701 1
545 1646 566 1705 3
589 1639 698 1715 dicant,
720 1643 774 1721 qui
786 1651 819 1699 ut
830 1641 1015 1698 lustrationis
1031 1659 1049 1696 a
1065 1640 1261 1697 Constantino

158 1724 327 1800 postulatae
343 1735 372 1780 et
387 1743 457 1782 cmn
468 1744 504 1783 eo
516 1743 577 1783 non
592 1728 828 1784 communicatae
844 1726 958 1782 famam
971 1727 1050 1782 inter
1063 1725 1190 1801 gentiles
1209 1743 1262 1780 ce-

158 1808 275 1865 lebrem
298 1809 422 1885 refutet,
453 1811 615 1868 Herculem
636 1815 773 1891 quamvis
794 1809 894 1869 caedis
914 1829 995 1869 noxa
1016 1812 1261 1884 contaminatum,

157 1892 343 1952 lustrationis
363 1905 468 1953 tamen
488 1886 579 1974 copia*
592 1898 670 1954 facta
688 1899 844 1976 expiatum
856 1897 950 1954 fuisse
966 1894 1086 1969 obiicit,
1117 1913 1212 1973 eaque
1228 1913 1261 1952 re

158 1982 295 2037 convinci
309 1982 437 2058 gentiles
455 1980 606 2039 mendacii
618 1992 704 2060 putat
711 1980 727 2040 ‘l
771 1981 853 2062 quod
873 1980 997 2061 quidem
1013 1981 1189 2057 exemplum
1206 1982 1262 2038 vix

158 2067 320 2144 quicquam
332 2077 432 2144 potest
445 2065 485 2123 ad
496 2066 724 2124 convellendam
739 2068 854 2126 Zosimi
870 2065 961 2125 fidem
975 2064 1087 2124 habere
1102 2069 1260 2140 momenti,

158 2169 227 2207 cum
236 2171 296 2208 non
311 2149 402 2209 modo
419 2151 457 2209 de
468 2153 653 2211 lustrationis
666 2173 723 2211 usu
737 2150 877 2210 homines
892 2155 1057 2232 priscorum
1072 2160 1102 2209 et
1114 2151 1261 2209 seriorum

157 2245 328 2314 temporum
348 2235 465 2297 diversa
489 2241 652 2313 senserint,
681 2258 788 2296 verum
812 2242 903 2296 etiarn
918 2257 965 2296 res
979 2242 1045 2316 ipsa
1062 2247 1092 2294 et
1106 2255 1195 2295 causa
1209 2238 1260 2293 ni-

156 2324 215 2379 mis
239 2321 340 2400 dispar
355 2325 403 2381 sit.
448 2333 580 2381 cetarum
597 2325 624 2381 si
641 2343 746 2381 verum
771 2335 849 2382 esset
872 2321 952 2404 quod
971 2323 1053 2380 idem
1073 2323 1259 2400 Sozomenus

157 2405 257 2479 addit,
278 2408 392 2464 famam
402 2408 585 2466 increbuisse
598 2411 677 2466 inter
689 2411 833 2487 gentiles,
856 2410 1085 2468 Constantinum
1099 2409 1222 2486 petiisse
1240 2425 1259 2464 a

156 2492 283 2569 Sopatro
301 2489 482 2570 philosopho
495 2503 529 2550 ut
544 2494 742 2550 lustrarentur
756 2497 881 2552 crimina
896 2513 912 2551 a
929 2515 961 2552 se
980 2496 1153 2568 commissa,
1185 2511 1259 2550 con-

156 2585 248 2633 staret
259 2579 335 2633 ratio
349 2577 449 2656 aliqua
464 2577 627 2655 probabilis
643 2577 807 2656 denegatae
822 2581 1020 2655 expiationis:
1038 2599 1078 2636 ex
1091 2579 1258 2656 praeceptis

156 2665 237 2718 enim
263 2659 474 2739 philosophiae
496 2663 668 2720 Platonicae
702 2662 773 2720 dare
803 2665 1011 2722 lustrationem
1035 2663 1147 2742 piaculi
1174 2663 1257 2721 illius

156 2748 262 2812 atrocis
277 2746 405 2824 Sopater
420 2767 481 2804 non
495 2751 604 2825 potuit.
649 2759 680 2805 at
695 2751 722 2805 si
736 2749 824 2807 nobis
837 2750 1003 2826 largiantur
1020 2757 1257 2827 propugnatores

155 2833 341 2889 Constantini
356 2843 386 2889 et
397 2833 523 2910 petitam
535 2833 572 2889 ab
588 2853 624 2891 eo
636 2835 843 2892 lustrationem
857 2843 887 2893 et
901 2832 1080 2912 denegatam
1092 2854 1109 2891 a
1123 2834 1258 2890 flamini-

153 2917 211 2975 bus
230 2937 311 2990 esse,
340 2936 401 2975 non
423 2937 519 2996 aeque
534 2929 635 2976 tamen
651 2921 755 2978 faciles
772 2931 858 2978 erunt
872 2921 904 2976 in
916 2917 1110 2978 admittendis
1126 2920 1163 2976 iis
1177 2937 1256 2998 quae

154 3001 193 3060 de
218 3004 365 3081 religione
391 3001 559 3061 Christiana
586 3023 655 3062 curn
674 3006 855 3084 imperatore
879 3007 1097 3062 communicata
1116 3005 1255 3062 Zosimus

154 3087 243 3162 dixit,
266 3099 296 3146 et
309 3089 421 3147 falsum
435 3087 509 3168 quid
519 3090 611 3168 inque
623 3092 811 3168 imperatoris
827 3089 974 3148 invidiam
985 3091 1088 3148 fictum
1101 3108 1166 3146 esse
1181 3107 1255 3146 con·
1276 3083 1280 3126 ⁴

153 3173 294 3248 tendent,
323 3173 407 3254 quod
428 3177 639 3232 Constantinus
654 3178 805 3255 Aegyptio
828 3174 960 3256 quodam
983 3187 1118 3249 auctore,
1155 3176 1208 3253 qui
1225 3177 1254 3232 ei

152 3261 324 3317 innotuerat
335 3280 390 3338 per
403 3261 594 3318 mulierculas
618 3264 733 3339 regias,
765 3281 818 3340 spe
837 3263 916 3318 facta
936 3264 1022 3320 novis
1040 3261 1131 3320 sacris
1154 3258 1255 3317 adsci-

153 3343 272 3402 scendis
287 3346 400 3403 aboleri
414 3348 633 3426 qualiacunque
650 3348 791 3420 crimina,
814 3345 931 3405 Christo
947 3346 1066 3407 dedisse
1083 3344 1175 3404 fidem
1190 3346 1254 3402 fer-

152 3439 218 3486 tur:
240 3431 273 3485 in
290 3431 483 3489 Constantino
496 3439 609 3506 tamen,
623 3429 746 3490 homine
759 3431 850 3490 modo
861 3433 1028 3492 facinoroso
1042 3431 1134 3489 modo
1146 3449 1253 3509 super-

152 3517 279 3586 stitioso,
301 3534 363 3572 non
374 3517 560 3591 mirabimur,
582 3520 684 3575 sinon
699 3521 779 3576 reris
793 3519 892 3576 cultus
908 3517 1145 3576 Christianorum
1158 3515 1253 3574 divini

152 3600 335 3673 rationibus,
361 3599 418 3659 aed
432 3604 616 3682 casualiquo
630 3604 753 3662 fortuito
770 3615 799 3662 et
812 3623 900 3662 causa
914 3623 976 3661 non
990 3606 1061 3663 satis
1074 3603 1200 3662 honesta
1215 3600 1254 3659 ad

153 3705 225 3748 etun
240 3685 482 3763 amplectendum
495 3688 553 3745 tuit
570 3687 726 3762 adductus,
749 3699 810 3764 aut,
832 3691 858 3748 si
874 3693 936 3746 iam
950 3700 1019 3748 ante
1032 3692 1063 3747 in
1078 3709 1148 3748 eum
1160 3688 1251 3745 incli-

151 3781 223 3828 nato
246 3781 308 3828 erat
329 3773 444 3846 animo,
474 3782 570 3830 totum
589 3793 622 3832 se
636 3772 813 3832 Christianis
834 3773 962 3832 addixit.
1004 3778 1102 3854 potuit
1116 3773 1250 3831 doctrina

150 3857 205 3914 illa
217 3856 340 3933 vulgata
353 3858 432 3914 inter
446 3855 597 3932 ethnicos,
625 3861 819 3938 amplectenti
831 3859 923 3918 fidem
936 3855 1048 3919 Christi
1063 3861 1160 3917 omnis
1177 3877 1251 3936 pec-

152 3951 287 3999 catorum
300 3945 417 4019 generis
429 3946 549 3999 reniam
562 3945 637 4020 lieri,
659 3948 701 4002 ita
717 3965 782 4004 esse
798 3945 906 4002 efficax
925 3943 965 4002 ad
978 3963 1101 4023 aegrum
1117 3949 1251 4022 impera-

150 4030 223 4084 toris
238 4028 373 4084 annnam
384 4027 562 4103 levandum,
590 4040 624 4086 ut
643 4034 762 4108 cognita
782 4051 817 4088 ea
837 4029 1042 4088 aCbristianis
1063 4031 1120 4089 sibi
1133 4037 1250 4108 peteret

152 4114 301 4170 auxilium
315 4123 477 4190 speratum,
500 4126 552 4171 aut
564 4115 672 4172 saltem
687 4119 865 4195 propensior
879 4119 975 4174 ineos
992 4134 1083 4196 quam
1101 4126 1169 4173 ante
1186 4125 1250 4172 erat

149 4195 244 4254 fieret.
287 4217 386 4278 neque
407 4200 506 4277 magis
523 4199 561 4256 ab
583 4203 667 4260 omni
685 4202 896 4279 probabilitate
922 4202 1055 4259 alienum
1076 4211 1126 4259 aut
1147 4219 1201 4279 per
1215 4219 1248 4258 se

148 4282 261 4340 falsum
278 4294 376 4362 potest
395 4281 473 4363 dici,
503 4280 586 4366 quod
600 4288 768 4367 Aegyptius
782 4286 908 4368 quidam
921 4289 1116 4346 Constantino
1130 4287 1250 4366 ample-

189 4375 319 4430 zosium
997 4377 1039 4440 23
