<?xml version="1.0" encoding="UTF-8"?>
<!DOCTYPE html PUBLIC "-//W3C//DTD XHTML 1.0 Transitional//EN"
    "http://www.w3.org/TR/xhtml1/DTD/xhtml1-transitional.dtd">
<html xmlns="http://www.w3.org/1999/xhtml" xml:lang="en" lang="en">
 <head>
  <title>
</title>
<meta http-equiv="Content-Type" content="text/html;charset=utf-8" />
  <meta name='ocr-system' content='tesseract 3.04.00' />
  <meta name='ocr-capabilities' content='ocr_page ocr_carea ocr_par ocr_line ocrx_word'/>
</head>
<body>
  <div class='ocr_page' id='page_1' title='image "./corpusscriptoru21theogoog/corpusscriptoru21theogoog_0458.png"; bbox 0 0 3025 4892; ppageno 0'>
   <div class='ocr_carea' id='block_1_1' title="bbox 294 309 991 386">
    <p class='ocr_par' dir='ltr' id='par_1_1' title="bbox 294 309 991 386">
     <span class='ocr_line' id='line_1_1' title="bbox 294 309 991 386; baseline -0.001 -1"><span class='ocrx_word' id='word_1_1' title='bbox 294 309 373 386; x_wconf 75' lang='lat'><strong>402</strong></span> <span class='ocrx_word' id='word_1_2' title='bbox 711 313 991 384; x_wconf 81' lang='lat' dir='ltr'><strong>RElTEllElERl</strong></span> 
     </span>
    </p>
   </div>
   <div class='ocr_carea' id='block_1_2' title="bbox 296 475 1397 651">
    <p class='ocr_par' dir='ltr' id='par_1_2' title="bbox 296 475 1397 651">
     <span class='ocr_line' id='line_1_2' title="bbox 296 475 1397 564; baseline 0 -24"><span class='ocrx_word' id='word_1_3' title='bbox 296 481 467 560; x_wconf 88' lang='lat' dir='ltr'><strong>scriptores,</strong></span> <span class='ocrx_word' id='word_1_4' title='bbox 487 475 542 538; x_wconf 89' lang='lat' dir='ltr'><strong>sed</strong></span> <span class='ocrx_word' id='word_1_5' title='bbox 555 480 694 540; x_wconf 75' lang='lat' dir='ltr'><strong>Zosimus</strong></span> <span class='ocrx_word' id='word_1_6' title='bbox 707 481 773 559; x_wconf 89' lang='lat' dir='ltr'><strong>ipse</strong></span> <span class='ocrx_word' id='word_1_7' title='bbox 791 480 834 560; x_wconf 81' lang='lat' dir='ltr'><strong>(p.</strong></span> <span class='ocrx_word' id='word_1_8' title='bbox 844 479 908 546; x_wconf 78' lang='lat'><strong>250</strong></span> <span class='ocrx_word' id='word_1_9' title='bbox 925 477 978 560; x_wconf 83' lang='lat'><strong>16)</strong></span> <span class='ocrx_word' id='word_1_10' title='bbox 993 481 1025 552; x_wconf 83' lang='lat' dir='ltr'><strong>in</strong></span> <span class='ocrx_word' id='word_1_11' title='bbox 1040 479 1127 540; x_wconf 86' lang='lat' dir='ltr'><strong>ltalia</strong></span> <span class='ocrx_word' id='word_1_12' title='bbox 1140 479 1185 560; x_wconf 92' lang='lat' dir='ltr'><strong>(et</strong></span> <span class='ocrx_word' id='word_1_13' title='bbox 1198 479 1322 564; x_wconf 85' lang='lat' dir='ltr'><strong>quidem</strong></span> <span class='ocrx_word' id='word_1_14' title='bbox 1333 481 1397 540; x_wconf 86' lang='lat' dir='ltr'><strong>ille-</strong></span> 
     </span>
     <span class='ocr_line' id='line_1_3' title="bbox 298 559 1113 651; baseline -0.002 -23"><span class='ocrx_word' id='word_1_15' title='bbox 298 563 431 646; x_wconf 83' lang='lat' dir='ltr'><strong>dioiaui)</strong></span> <span class='ocrx_word' id='word_1_16' title='bbox 449 561 659 651; x_wconf 83' lang='lat' dir='ltr'><strong>Theodosium</strong></span> <span class='ocrx_word' id='word_1_17' title='bbox 673 585 691 625; x_wconf 85' lang='lat' dir='ltr'><strong>a</strong></span> <span class='ocrx_word' id='word_1_18' title='bbox 703 569 764 626; x_wconf 83' lang='lat' dir='ltr'><strong>rita</strong></span> <span class='ocrx_word' id='word_1_19' title='bbox 780 569 945 627; x_wconf 78' lang='lat' dir='ltr'><strong>excessisse</strong></span> <span class='ocrx_word' id='word_1_20' title='bbox 958 567 1072 627; x_wconf 85' lang='lat' dir='ltr'><strong>scribit.</strong></span> <span class='ocrx_word' id='word_1_21' title='bbox 1109 559 1113 568; x_wconf 49' lang='lat'>¹</span> 
     </span>
    </p>
   </div>
   <div class='ocr_carea' id='block_1_3' title="bbox 396 772 1302 867">
    <p class='ocr_par' dir='ltr' id='par_1_3' title="bbox 396 772 1302 867">
     <span class='ocr_line' id='line_1_4' title="bbox 396 772 1302 867; baseline 0.002 -21"><span class='ocrx_word' id='word_1_22' title='bbox 396 788 452 846; x_wconf 81' lang='lat' dir='ltr'><strong>ru.</strong></span> <span class='ocrx_word' id='word_1_23' title='bbox 492 785 547 844; x_wconf 85' lang='lat' dir='ltr'><strong>un</strong></span> <span class='ocrx_word' id='word_1_24' title='bbox 567 785 740 846; x_wconf 78' lang='lat' dir='ltr'><strong>meanto</strong></span> <span class='ocrx_word' id='word_1_25' title='bbox 762 787 818 846; x_wconf 84' lang='lat' dir='ltr'><strong>ur</strong></span> <span class='ocrx_word' id='word_1_26' title='bbox 839 788 1012 848; x_wconf 78' lang='lat' dir='ltr'><strong>nonanto</strong></span> <span class='ocrx_word' id='word_1_27' title='bbox 1035 772 1144 867; x_wconf 67' lang='lat' dir='ltr'><strong>(aaa.</strong></span> <span class='ocrx_word' id='word_1_28' title='bbox 1163 789 1302 865; x_wconf 80' lang='lat'>1—25).</span> 
     </span>
    </p>
   </div>
   <div class='ocr_carea' id='block_1_4' title="bbox 174 919 1400 3804">
    <p class='ocr_par' dir='ltr' id='par_1_4' title="bbox 295 919 1399 1688">
     <span class='ocr_line' id='line_1_5' title="bbox 381 919 1399 1002; baseline -0.004 -19"><span class='ocrx_word' id='word_1_29' title='bbox 381 923 474 983; x_wconf 75' lang='lat' dir='ltr'><strong>Libro</strong></span> <span class='ocrx_word' id='word_1_30' title='bbox 491 922 596 1001; x_wconf 80' lang='lat' dir='ltr'><strong>quitata</strong></span> <span class='ocrx_word' id='word_1_31' title='bbox 609 919 797 999; x_wconf 85' lang='lat' dir='ltr'><strong>ingredimur</strong></span> <span class='ocrx_word' id='word_1_32' title='bbox 808 919 965 983; x_wconf 82' lang='lat' dir='ltr'><strong>historiam</strong></span> <span class='ocrx_word' id='word_1_33' title='bbox 979 941 996 980; x_wconf 90' lang='lat' dir='ltr'><strong>a</strong></span> <span class='ocrx_word' id='word_1_34' title='bbox 1011 925 1133 982; x_wconf 86' lang='lat' dir='ltr'><strong>Zosimo</strong></span> <span class='ocrx_word' id='word_1_35' title='bbox 1150 943 1211 982; x_wconf 91' lang='lat' dir='ltr'><strong>non</strong></span> <span class='ocrx_word' id='word_1_36' title='bbox 1228 922 1399 1002; x_wconf 83' lang='lat' dir='ltr'><strong>perfuncto-</strong></span> 
     </span>
     <span class='ocr_line' id='line_1_6' title="bbox 297 1005 1396 1087; baseline -0.003 -20"><span class='ocrx_word' id='word_1_37' title='bbox 297 1008 343 1067; x_wconf 88' lang='lat' dir='ltr'><strong>rie</strong></span> <span class='ocrx_word' id='word_1_38' title='bbox 359 1017 389 1066; x_wconf 91' lang='lat' dir='ltr'><strong>et</strong></span> <span class='ocrx_word' id='word_1_39' title='bbox 399 1011 466 1065; x_wconf 81' lang='lat' dir='ltr'><strong>riae</strong></span> <span class='ocrx_word' id='word_1_40' title='bbox 481 1005 664 1064; x_wconf 76' lang='lat' dir='ltr'><strong>muniendae</strong></span> <span class='ocrx_word' id='word_1_41' title='bbox 679 1007 719 1066; x_wconf 94' lang='lat' dir='ltr'><strong>ad</strong></span> <span class='ocrx_word' id='word_1_42' title='bbox 731 1009 791 1066; x_wconf 91' lang='lat' dir='ltr'><strong>alia</strong></span> <span class='ocrx_word' id='word_1_43' title='bbox 802 1018 920 1066; x_wconf 88' lang='lat' dir='ltr'><strong>tantum</strong></span> <span class='ocrx_word' id='word_1_44' title='bbox 935 1029 1040 1082; x_wconf 89' lang='lat' dir='ltr'><strong>causa,</strong></span> <span class='ocrx_word' id='word_1_45' title='bbox 1068 1019 1101 1066; x_wconf 92' lang='lat' dir='ltr'><strong>ut</strong></span> <span class='ocrx_word' id='word_1_46' title='bbox 1121 1012 1257 1087; x_wconf 79' lang='lat' dir='ltr'>superior</span> <span class='ocrx_word' id='word_1_47' title='bbox 1277 1005 1396 1066; x_wconf 81' lang='lat' dir='ltr'><strong>historia</strong></span> 
     </span>
     <span class='ocr_line' id='line_1_7' title="bbox 297 1091 1396 1173; baseline -0.004 -20"><span class='ocrx_word' id='word_1_48' title='bbox 297 1096 406 1173; x_wconf 89' lang='lat' dir='ltr'><strong>scripta</strong></span> <span class='ocrx_word' id='word_1_49' title='bbox 420 1093 494 1166; x_wconf 82' lang='lat' dir='ltr'><strong>fuit,</strong></span> <span class='ocrx_word' id='word_1_50' title='bbox 523 1091 578 1150; x_wconf 88' lang='lat' dir='ltr'><strong>sed</strong></span> <span class='ocrx_word' id='word_1_51' title='bbox 591 1112 647 1171; x_wconf 95' lang='lat' dir='ltr'><strong>pro</strong></span> <span class='ocrx_word' id='word_1_52' title='bbox 662 1095 788 1152; x_wconf 87' lang='lat' dir='ltr'><strong>consilio</strong></span> <span class='ocrx_word' id='word_1_53' title='bbox 804 1097 915 1172; x_wconf 88' lang='lat' dir='ltr'><strong>incepti</strong></span> <span class='ocrx_word' id='word_1_54' title='bbox 925 1095 1071 1173; x_wconf 86' lang='lat' dir='ltr'><strong>primario</strong></span> <span class='ocrx_word' id='word_1_55' title='bbox 1085 1113 1204 1152; x_wconf 89' lang='lat' dir='ltr'><strong>summo</strong></span> <span class='ocrx_word' id='word_1_56' title='bbox 1220 1113 1289 1150; x_wconf 89' lang='lat' dir='ltr'><strong>cum</strong></span> <span class='ocrx_word' id='word_1_57' title='bbox 1301 1091 1396 1150; x_wconf 86' lang='lat' dir='ltr'><strong>studio</strong></span> 
     </span>
     <span class='ocr_line' id='line_1_8' title="bbox 296 1177 1396 1260; baseline -0.003 -23"><span class='ocrx_word' id='word_1_58' title='bbox 296 1199 334 1237; x_wconf 88' lang='lat' dir='ltr'><strong>ac</strong></span> <span class='ocrx_word' id='word_1_59' title='bbox 353 1198 423 1237; x_wconf 89' lang='lat' dir='ltr'><strong>cura</strong></span> <span class='ocrx_word' id='word_1_60' title='bbox 442 1177 621 1256; x_wconf 88' lang='lat' dir='ltr'><strong>dispositam</strong></span> <span class='ocrx_word' id='word_1_61' title='bbox 637 1187 666 1236; x_wconf 92' lang='lat' dir='ltr'><strong>et</strong></span> <span class='ocrx_word' id='word_1_62' title='bbox 685 1180 883 1258; x_wconf 87' lang='lat' dir='ltr'><strong>explicatam,</strong></span> <span class='ocrx_word' id='word_1_63' title='bbox 913 1181 945 1236; x_wconf 91' lang='lat' dir='ltr'><strong>iu</strong></span> <span class='ocrx_word' id='word_1_64' title='bbox 967 1199 1025 1260; x_wconf 88' lang='lat' dir='ltr'><strong>qna</strong></span> <span class='ocrx_word' id='word_1_65' title='bbox 1044 1182 1237 1260; x_wconf 87' lang='lat' dir='ltr'><strong>Euuapianae</strong></span> <span class='ocrx_word' id='word_1_66' title='bbox 1258 1177 1396 1238; x_wconf 76' lang='lat' dir='ltr'><strong>historiae</strong></span> 
     </span>
     <span class='ocr_line' id='line_1_9' title="bbox 297 1265 1396 1345; baseline -0.003 -22"><span class='ocrx_word' id='word_1_67' title='bbox 297 1275 448 1344; x_wconf 81' lang='lat' dir='ltr'><strong>postrema</strong></span> <span class='ocrx_word' id='word_1_68' title='bbox 462 1274 634 1342; x_wconf 88' lang='lat' dir='ltr'><strong>persecutus</strong></span> <span class='ocrx_word' id='word_1_69' title='bbox 650 1274 711 1338; x_wconf 89' lang='lat' dir='ltr'><strong>est,</strong></span> <span class='ocrx_word' id='word_1_70' title='bbox 740 1275 886 1345; x_wconf 88' lang='lat' dir='ltr'><strong>tanquam</strong></span> <span class='ocrx_word' id='word_1_71' title='bbox 899 1267 1050 1344; x_wconf 87' lang='lat' dir='ltr'><strong>scriptoris</strong></span> <span class='ocrx_word' id='word_1_72' title='bbox 1068 1269 1120 1344; x_wconf 87' lang='lat' dir='ltr'><strong>qui</strong></span> <span class='ocrx_word' id='word_1_73' title='bbox 1141 1285 1186 1323; x_wconf 89' lang='lat' dir='ltr'><strong>res</strong></span> <span class='ocrx_word' id='word_1_74' title='bbox 1203 1283 1275 1322; x_wconf 89' lang='lat' dir='ltr'><strong>suae</strong></span> <span class='ocrx_word' id='word_1_75' title='bbox 1294 1265 1396 1321; x_wconf 85' lang='lat' dir='ltr'><strong>aetatis</strong></span> 
     </span>
     <span class='ocr_line' id='line_1_10' title="bbox 298 1349 1397 1430; baseline -0.002 -22"><span class='ocrx_word' id='word_1_76' title='bbox 298 1359 330 1408; x_wconf 86' lang='lat' dir='ltr'><strong>et</strong></span> <span class='ocrx_word' id='word_1_77' title='bbox 342 1351 398 1408; x_wconf 85' lang='lat' dir='ltr'><strong>sub</strong></span> <span class='ocrx_word' id='word_1_78' title='bbox 412 1349 506 1408; x_wconf 89' lang='lat' dir='ltr'><strong>oculis</strong></span> <span class='ocrx_word' id='word_1_79' title='bbox 519 1352 582 1408; x_wconf 91' lang='lat' dir='ltr'><strong>suis</strong></span> <span class='ocrx_word' id='word_1_80' title='bbox 597 1361 697 1427; x_wconf 84' lang='lat' dir='ltr'><strong>gestas</strong></span> <span class='ocrx_word' id='word_1_81' title='bbox 712 1350 864 1408; x_wconf 77' lang='lat' dir='ltr'><strong>scriberet.</strong></span> <span class='ocrx_word' id='word_1_82' title='bbox 908 1369 925 1408; x_wconf 88' lang='lat' dir='ltr'><strong>a</strong></span> <span class='ocrx_word' id='word_1_83' title='bbox 941 1351 1110 1429; x_wconf 90' lang='lat' dir='ltr'><strong>suspicione</strong></span> <span class='ocrx_word' id='word_1_84' title='bbox 1122 1354 1152 1407; x_wconf 90' lang='lat' dir='ltr'><strong>iu</strong></span> <span class='ocrx_word' id='word_1_85' title='bbox 1167 1369 1259 1430; x_wconf 89' lang='lat' dir='ltr'><strong>quam</strong></span> <span class='ocrx_word' id='word_1_86' title='bbox 1271 1350 1309 1409; x_wconf 92' lang='lat' dir='ltr'><strong>ob</strong></span> <span class='ocrx_word' id='word_1_87' title='bbox 1326 1349 1397 1406; x_wconf 90' lang='lat' dir='ltr'><strong>rell-</strong></span> 
     </span>
     <span class='ocr_line' id='line_1_11' title="bbox 298 1433 1396 1514; baseline -0.003 -19"><span class='ocrx_word' id='word_1_88' title='bbox 298 1438 397 1513; x_wconf 84' lang='lat' dir='ltr'><strong>gionis</strong></span> <span class='ocrx_word' id='word_1_89' title='bbox 408 1433 542 1493; x_wconf 89' lang='lat' dir='ltr'><strong>studium</strong></span> <span class='ocrx_word' id='word_1_90' title='bbox 555 1445 621 1492; x_wconf 89' lang='lat' dir='ltr'><strong>tum</strong></span> <span class='ocrx_word' id='word_1_91' title='bbox 633 1435 788 1514; x_wconf 88' lang='lat' dir='ltr'><strong>Ennapius</strong></span> <span class='ocrx_word' id='word_1_92' title='bbox 803 1445 868 1494; x_wconf 84' lang='lat' dir='ltr'><strong>tum</strong></span> <span class='ocrx_word' id='word_1_93' title='bbox 881 1437 1019 1494; x_wconf 75' lang='lat' dir='ltr'><strong>Zosimus</strong></span> <span class='ocrx_word' id='word_1_94' title='bbox 1033 1455 1050 1492; x_wconf 93' lang='lat' dir='ltr'><strong>a</strong></span> <span class='ocrx_word' id='word_1_95' title='bbox 1064 1434 1239 1494; x_wconf 85' lang='lat' dir='ltr'><strong>Christianis</strong></span> <span class='ocrx_word' id='word_1_96' title='bbox 1252 1433 1396 1493; x_wconf 84' lang='lat' dir='ltr'><strong>adductus</strong></span> 
     </span>
     <span class='ocr_line' id='line_1_12' title="bbox 295 1518 1397 1602; baseline -0.003 -23"><span class='ocrx_word' id='word_1_97' title='bbox 295 1522 371 1595; x_wconf 79' lang='lat' dir='ltr'><strong>fuit,</strong></span> <span class='ocrx_word' id='word_1_98' title='bbox 401 1523 434 1579; x_wconf 90' lang='lat' dir='ltr'><strong>in</strong></span> <span class='ocrx_word' id='word_1_99' title='bbox 455 1519 503 1579; x_wconf 88' lang='lat' dir='ltr'><strong>his</strong></span> <span class='ocrx_word' id='word_1_100' title='bbox 524 1518 679 1596; x_wconf 89' lang='lat' dir='ltr'><strong>historiis,</strong></span> <span class='ocrx_word' id='word_1_101' title='bbox 709 1539 789 1600; x_wconf 91' lang='lat' dir='ltr'><strong>quae</strong></span> <span class='ocrx_word' id='word_1_102' title='bbox 806 1522 957 1602; x_wconf 88' lang='lat' dir='ltr'><strong>iniquitati</strong></span> <span class='ocrx_word' id='word_1_103' title='bbox 973 1532 1002 1578; x_wconf 84' lang='lat' dir='ltr'><strong>et</strong></span> <span class='ocrx_word' id='word_1_104' title='bbox 1015 1523 1199 1600; x_wconf 84' lang='lat' dir='ltr'><strong>sugillationi</strong></span> <span class='ocrx_word' id='word_1_105' title='bbox 1216 1523 1265 1580; x_wconf 88' lang='lat' dir='ltr'><strong>isti</strong></span> <span class='ocrx_word' id='word_1_106' title='bbox 1282 1522 1397 1577; x_wconf 89' lang='lat' dir='ltr'><strong>nullam</strong></span> 
     </span>
     <span class='ocr_line' id='line_1_13' title="bbox 297 1605 1396 1688; baseline -0.002 -22"><span class='ocrx_word' id='word_1_107' title='bbox 297 1609 553 1687; x_wconf 83' lang='lat' dir='ltr'><strong>opportmaltatem</strong></span> <span class='ocrx_word' id='word_1_108' title='bbox 564 1607 718 1685; x_wconf 73' lang='lat' dir='ltr'><strong>praebent,</strong></span> <span class='ocrx_word' id='word_1_109' title='bbox 740 1608 883 1664; x_wconf 87' lang='lat' dir='ltr'><strong>immunis</strong></span> <span class='ocrx_word' id='word_1_110' title='bbox 898 1618 1023 1688; x_wconf 68' lang='lat' dir='ltr'><strong>alterque</strong></span> <span class='ocrx_word' id='word_1_111' title='bbox 1038 1627 1102 1665; x_wconf 87' lang='lat' dir='ltr'><strong>esse</strong></span> <span class='ocrx_word' id='word_1_112' title='bbox 1117 1605 1216 1663; x_wconf 90' lang='lat' dir='ltr'><strong>debet.</strong></span> <span class='ocrx_word' id='word_1_113' title='bbox 1259 1609 1291 1664; x_wconf 89' lang='lat' dir='ltr'><strong>iu</strong></span> <span class='ocrx_word' id='word_1_114' title='bbox 1311 1605 1396 1664; x_wconf 89' lang='lat' dir='ltr'><strong>rebus</strong></span> 
     </span>
    </p>

    <p class='ocr_par' dir='ltr' id='par_1_5' title="bbox 205 1690 1398 2283">
     <span class='ocr_line' id='line_1_14' title="bbox 205 1690 1397 1772; baseline -0.004 -20"><span class='ocrx_word' id='word_1_115' title='bbox 205 1739 210 1752; x_wconf 76' lang='grc'><em>,</em></span> <span class='ocrx_word' id='word_1_116' title='bbox 296 1694 373 1772; x_wconf 86' lang='lat' dir='ltr'><strong>ipsis</strong></span> <span class='ocrx_word' id='word_1_117' title='bbox 391 1690 579 1772; x_wconf 84' lang='lat' dir='ltr'><strong>exponendis</strong></span> <span class='ocrx_word' id='word_1_118' title='bbox 595 1693 767 1771; x_wconf 85' lang='lat' dir='ltr'><strong>Ennapius,</strong></span> <span class='ocrx_word' id='word_1_119' title='bbox 806 1703 952 1772; x_wconf 87' lang='lat' dir='ltr'><strong>quantum</strong></span> <span class='ocrx_word' id='word_1_120' title='bbox 975 1713 1015 1750; x_wconf 86' lang='lat' dir='ltr'><strong>ex</strong></span> <span class='ocrx_word' id='word_1_121' title='bbox 1034 1695 1155 1750; x_wconf 85' lang='lat' dir='ltr'><strong>Zosimo</strong></span> <span class='ocrx_word' id='word_1_122' title='bbox 1176 1690 1308 1750; x_wconf 87' lang='lat' dir='ltr'><strong>iudicare</strong></span> <span class='ocrx_word' id='word_1_123' title='bbox 1328 1693 1397 1748; x_wconf 88' lang='lat' dir='ltr'><strong>licet</strong></span> 
     </span>
     <span class='ocr_line' id='line_1_15' title="bbox 296 1774 1398 1858; baseline -0.003 -22"><span class='ocrx_word' id='word_1_124' title='bbox 296 1783 382 1856; x_wconf 89' lang='lat' dir='ltr'><strong>(nam</strong></span> <span class='ocrx_word' id='word_1_125' title='bbox 394 1799 435 1836; x_wconf 87' lang='lat' dir='ltr'><strong>ex</strong></span> <span class='ocrx_word' id='word_1_126' title='bbox 448 1780 543 1858; x_wconf 88' lang='lat' dir='ltr'><strong>ipsius</strong></span> <span class='ocrx_word' id='word_1_127' title='bbox 557 1774 680 1836; x_wconf 85' lang='lat' dir='ltr'><strong>historia</strong></span> <span class='ocrx_word' id='word_1_128' title='bbox 693 1776 772 1835; x_wconf 87' lang='lat' dir='ltr'><strong>nihil</strong></span> <span class='ocrx_word' id='word_1_129' title='bbox 785 1778 818 1835; x_wconf 90' lang='lat' dir='ltr'><strong>in</strong></span> <span class='ocrx_word' id='word_1_130' title='bbox 831 1778 1008 1856; x_wconf 79' lang='lat' dir='ltr'><strong>fragmentis</strong></span> <span class='ocrx_word' id='word_1_131' title='bbox 1023 1789 1173 1836; x_wconf 81' lang='lat' dir='ltr'><strong>serratum</strong></span> <span class='ocrx_word' id='word_1_132' title='bbox 1187 1788 1232 1836; x_wconf 88' lang='lat' dir='ltr'><strong>est</strong></span> <span class='ocrx_word' id='word_1_133' title='bbox 1245 1775 1327 1856; x_wconf 90' lang='lat' dir='ltr'><strong>quod</strong></span> <span class='ocrx_word' id='word_1_134' title='bbox 1340 1775 1398 1834; x_wconf 90' lang='lat' dir='ltr'><strong>hnc</strong></span> 
     </span>
     <span class='ocr_line' id='line_1_16' title="bbox 296 1861 1397 1945; baseline -0.002 -22"><span class='ocrx_word' id='word_1_135' title='bbox 296 1867 462 1945; x_wconf 84' lang='lat' dir='ltr'><strong>pertineat,</strong></span> <span class='ocrx_word' id='word_1_136' title='bbox 491 1873 521 1921; x_wconf 88' lang='lat' dir='ltr'><strong>et</strong></span> <span class='ocrx_word' id='word_1_137' title='bbox 536 1873 654 1941; x_wconf 86' lang='lat' dir='ltr'><strong>praeter</strong></span> <span class='ocrx_word' id='word_1_138' title='bbox 664 1863 768 1923; x_wconf 90' lang='lat' dir='ltr'><strong>locum</strong></span> <span class='ocrx_word' id='word_1_139' title='bbox 788 1865 820 1920; x_wconf 91' lang='lat' dir='ltr'><strong>iu</strong></span> <span class='ocrx_word' id='word_1_140' title='bbox 834 1867 896 1922; x_wconf 86' lang='lat' dir='ltr'><strong>vita</strong></span> <span class='ocrx_word' id='word_1_141' title='bbox 909 1865 1037 1921; x_wconf 80' lang='lat' dir='ltr'><strong>Maximi</strong></span> <span class='ocrx_word' id='word_1_142' title='bbox 1053 1893 1094 1908; x_wconf 90' lang='lat'><strong>·-·</strong></span> <span class='ocrx_word' id='word_1_143' title='bbox 1110 1861 1172 1922; x_wconf 81' lang='lat' dir='ltr'><strong>vid.</strong></span> <span class='ocrx_word' id='word_1_144' title='bbox 1188 1865 1305 1922; x_wconf 85' lang='lat' dir='ltr'><strong>Oomm.</strong></span> <span class='ocrx_word' id='word_1_145' title='bbox 1320 1865 1397 1921; x_wconf 77' lang='lat' dir='ltr'><strong>nist.</strong></span> 
     </span>
     <span class='ocr_line' id='line_1_17' title="bbox 289 1947 1398 2029; baseline -0.001 -23"><span class='ocrx_word' id='word_1_146' title='bbox 289 1968 326 2008; x_wconf 87' lang='lat' dir='ltr'><strong>·c.</strong></span> <span class='ocrx_word' id='word_1_147' title='bbox 340 1949 360 2012; x_wconf 85' lang='lat'><em>5</em></span> <span class='ocrx_word' id='word_1_148' title='bbox 379 1979 415 1994; x_wconf 89' lang='lat'><em>-</em></span> <span class='ocrx_word' id='word_1_149' title='bbox 433 1947 584 2029; x_wconf 83' lang='lat' dir='ltr'><strong>quaedam</strong></span> <span class='ocrx_word' id='word_1_150' title='bbox 598 1947 689 2008; x_wconf 89' lang='lat' dir='ltr'><strong>modo</strong></span> <span class='ocrx_word' id='word_1_151' title='bbox 702 1952 735 2006; x_wconf 92' lang='lat' dir='ltr'><strong>in</strong></span> <span class='ocrx_word' id='word_1_152' title='bbox 747 1947 843 2007; x_wconf 87' lang='lat' dir='ltr'><strong>Suida</strong></span> <span class='ocrx_word' id='word_1_153' title='bbox 857 1947 930 2010; x_wconf 90' lang='lat' dir='ltr'><strong>iude</strong></span> <span class='ocrx_word' id='word_1_154' title='bbox 944 1947 1126 2028; x_wconf 88' lang='lat' dir='ltr'><strong>supersunt),</strong></span> <span class='ocrx_word' id='word_1_155' title='bbox 1144 1951 1184 2007; x_wconf 91' lang='lat' dir='ltr'><strong>ita</strong></span> <span class='ocrx_word' id='word_1_156' title='bbox 1202 1958 1337 2008; x_wconf 77' lang='lat' dir='ltr'><strong>versatam</strong></span> <span class='ocrx_word' id='word_1_157' title='bbox 1353 1958 1398 2006; x_wconf 89' lang='lat' dir='ltr'><strong>est</strong></span> 
     </span>
     <span class='ocr_line' id='line_1_18' title="bbox 296 2031 1397 2114; baseline -0.001 -21"><span class='ocrx_word' id='word_1_158' title='bbox 296 2043 332 2093; x_wconf 87' lang='lat' dir='ltr'><strong>nt</strong></span> <span class='ocrx_word' id='word_1_159' title='bbox 345 2031 503 2093; x_wconf 87' lang='lat' dir='ltr'><strong>historiam</strong></span> <span class='ocrx_word' id='word_1_160' title='bbox 517 2034 661 2107; x_wconf 86' lang='lat' dir='ltr'><strong>Orientis,</strong></span> <span class='ocrx_word' id='word_1_161' title='bbox 692 2037 805 2114; x_wconf 85' lang='lat' dir='ltr'><strong>quippe</strong></span> <span class='ocrx_word' id='word_1_162' title='bbox 821 2032 859 2092; x_wconf 87' lang='lat' dir='ltr'><strong>ad</strong></span> <span class='ocrx_word' id='word_1_163' title='bbox 872 2037 1010 2094; x_wconf 89' lang='lat' dir='ltr'><strong>notitiam</strong></span> <span class='ocrx_word' id='word_1_164' title='bbox 1023 2039 1210 2114; x_wconf 89' lang='lat' dir='ltr'><strong>propiorem,</strong></span> <span class='ocrx_word' id='word_1_165' title='bbox 1233 2037 1397 2092; x_wconf 79' lang='lat' dir='ltr'><strong>accuratius</strong></span> 
     </span>
     <span class='ocr_line' id='line_1_19' title="bbox 297 2117 1398 2198; baseline -0.002 -21"><span class='ocrx_word' id='word_1_166' title='bbox 297 2127 466 2193; x_wconf 87' lang='lat' dir='ltr'><strong>enarraret,</strong></span> <span class='ocrx_word' id='word_1_167' title='bbox 497 2119 593 2176; x_wconf 81' lang='lat' dir='ltr'><strong>veluti</strong></span> <span class='ocrx_word' id='word_1_168' title='bbox 609 2121 732 2198; x_wconf 86' lang='lat' dir='ltr'><strong>nuptias</strong></span> <span class='ocrx_word' id='word_1_169' title='bbox 752 2117 910 2178; x_wconf 84' lang='lat' dir='ltr'><strong>Eudoxias</strong></span> <span class='ocrx_word' id='word_1_170' title='bbox 929 2139 954 2178; x_wconf 87' lang='lat' dir='ltr'><strong>c.</strong></span> <span class='ocrx_word' id='word_1_171' title='bbox 973 2123 1008 2196; x_wconf 80' lang='grc'><strong>5,</strong></span> <span class='ocrx_word' id='word_1_172' title='bbox 1040 2117 1175 2180; x_wconf 80' lang='lat' dir='ltr'><strong>Alarichi</strong></span> <span class='ocrx_word' id='word_1_173' title='bbox 1194 2122 1226 2176; x_wconf 92' lang='lat' dir='ltr'><strong>in</strong></span> <span class='ocrx_word' id='word_1_174' title='bbox 1242 2121 1398 2176; x_wconf 81' lang='lat' dir='ltr'><strong>Graeciam</strong></span> 
     </span>
     <span class='ocr_line' id='line_1_20' title="bbox 296 2201 1398 2283; baseline -0.001 -20"><span class='ocrx_word' id='word_1_175' title='bbox 296 2206 501 2263; x_wconf 79' lang='lat' dir='ltr'><strong>incursionem</strong></span> <span class='ocrx_word' id='word_1_176' title='bbox 514 2223 541 2262; x_wconf 88' lang='lat' dir='ltr'><strong>o.</strong></span> <span class='ocrx_word' id='word_1_177' title='bbox 555 2204 659 2278; x_wconf 84' lang='lat'><strong>5-8,</strong></span> <span class='ocrx_word' id='word_1_178' title='bbox 682 2201 807 2262; x_wconf 87' lang='lat' dir='ltr'><strong>caedem</strong></span> <span class='ocrx_word' id='word_1_179' title='bbox 819 2204 919 2262; x_wconf 85' lang='lat' dir='ltr'><strong>Rufini</strong></span> <span class='ocrx_word' id='word_1_180' title='bbox 933 2224 959 2263; x_wconf 88' lang='lat' dir='ltr'><strong>o.</strong></span> <span class='ocrx_word' id='word_1_181' title='bbox 973 2210 1003 2279; x_wconf 82' lang='grc'><strong>7,</strong></span> <span class='ocrx_word' id='word_1_182' title='bbox 1026 2206 1155 2264; x_wconf 85' lang='lat' dir='ltr'><strong>Timasii</strong></span> <span class='ocrx_word' id='word_1_183' title='bbox 1169 2205 1269 2283; x_wconf 87' lang='lat' dir='ltr'><strong>Bargi,</strong></span> <span class='ocrx_word' id='word_1_184' title='bbox 1291 2205 1398 2262; x_wconf 81' lang='lat' dir='ltr'><strong>Abun-</strong></span> 
     </span>
    </p>

    <p class='ocr_par' dir='ltr' id='par_1_6' title="bbox 174 2287 1400 3804">
     <span class='ocr_line' id='line_1_21' title="bbox 174 2287 1398 2369; baseline -0.001 -22"><span class='ocrx_word' id='word_1_185' title='bbox 174 2326 179 2332; x_wconf 89' lang='lat'>-</span> <span class='ocrx_word' id='word_1_186' title='bbox 297 2287 393 2348; x_wconf 87' lang='lat' dir='ltr'><strong>dantii</strong></span> <span class='ocrx_word' id='word_1_187' title='bbox 408 2309 434 2347; x_wconf 88' lang='lat' dir='ltr'><strong>c.</strong></span> <span class='ocrx_word' id='word_1_188' title='bbox 448 2293 583 2363; x_wconf 82' lang='lat'><strong>8-11,</strong></span> <span class='ocrx_word' id='word_1_189' title='bbox 611 2291 750 2368; x_wconf 88' lang='lat' dir='ltr'><strong>inprimis</strong></span> <span class='ocrx_word' id='word_1_190' title='bbox 772 2291 968 2348; x_wconf 87' lang='lat' dir='ltr'><strong>rebellionem</strong></span> <span class='ocrx_word' id='word_1_191' title='bbox 982 2289 1147 2369; x_wconf 83' lang='lat' dir='ltr'><strong>Tribigildi</strong></span> <span class='ocrx_word' id='word_1_192' title='bbox 1170 2311 1197 2349; x_wconf 83' lang='lat' dir='ltr'><strong>c.</strong></span> <span class='ocrx_word' id='word_1_193' title='bbox 1214 2289 1398 2354; x_wconf 68' lang='lat' dir='ltr'><strong>13-lOet</strong></span> 
     </span>
     <span class='ocr_line' id='line_1_22' title="bbox 296 2375 1398 2456; baseline 0 -22"><span class='ocrx_word' id='word_1_194' title='bbox 296 2377 403 2434; x_wconf 79' lang='lat' dir='ltr'><strong>Gaiuis</strong></span> <span class='ocrx_word' id='word_1_195' title='bbox 415 2395 442 2433; x_wconf 90' lang='lat' dir='ltr'><strong>c.</strong></span> <span class='ocrx_word' id='word_1_196' title='bbox 459 2377 545 2440; x_wconf 79' lang='lat'><strong>19·-</strong></span> <span class='ocrx_word' id='word_1_197' title='bbox 554 2379 613 2455; x_wconf 63' lang='lat'><strong>23,</strong></span> <span class='ocrx_word' id='word_1_198' title='bbox 635 2384 665 2433; x_wconf 90' lang='lat' dir='ltr'><strong>et</strong></span> <span class='ocrx_word' id='word_1_199' title='bbox 679 2377 842 2433; x_wconf 89' lang='lat' dir='ltr'><strong>concitatos</strong></span> <span class='ocrx_word' id='word_1_200' title='bbox 858 2375 894 2434; x_wconf 90' lang='lat' dir='ltr'><strong>ob</strong></span> <span class='ocrx_word' id='word_1_201' title='bbox 908 2378 1052 2434; x_wconf 91' lang='lat' dir='ltr'><strong>loannem</strong></span> <span class='ocrx_word' id='word_1_202' title='bbox 1064 2379 1237 2456; x_wconf 89' lang='lat' dir='ltr'><strong>episcopum</strong></span> <span class='ocrx_word' id='word_1_203' title='bbox 1250 2377 1398 2434; x_wconf 87' lang='lat' dir='ltr'><strong>tumultus</strong></span> 
     </span>
     <span class='ocr_line' id='line_1_23' title="bbox 298 2458 1399 2540; baseline 0 -21"><span class='ocrx_word' id='word_1_204' title='bbox 298 2478 325 2519; x_wconf 85' lang='lat' dir='ltr'><strong>c.</strong></span> <span class='ocrx_word' id='word_1_205' title='bbox 339 2462 392 2523; x_wconf 77' lang='lat'><strong>23.</strong></span> <span class='ocrx_word' id='word_1_206' title='bbox 409 2458 461 2524; x_wconf 76' lang='lat'><strong>24·</strong></span> <span class='ocrx_word' id='word_1_207' title='bbox 504 2477 553 2518; x_wconf 84' lang='lat' dir='ltr'><strong>res</strong></span> <span class='ocrx_word' id='word_1_208' title='bbox 568 2479 640 2518; x_wconf 80' lang='lat' dir='ltr'><strong>vero</strong></span> <span class='ocrx_word' id='word_1_209' title='bbox 656 2463 688 2517; x_wconf 90' lang='lat' dir='ltr'><strong>in</strong></span> <span class='ocrx_word' id='word_1_210' title='bbox 702 2459 881 2520; x_wconf 86' lang='lat' dir='ltr'><strong>occidentali</strong></span> <span class='ocrx_word' id='word_1_211' title='bbox 895 2481 987 2540; x_wconf 85' lang='lat' dir='ltr'><strong>reguo</strong></span> <span class='ocrx_word' id='word_1_212' title='bbox 1004 2471 1102 2540; x_wconf 86' lang='lat' dir='ltr'><strong>gestas</strong></span> <span class='ocrx_word' id='word_1_213' title='bbox 1117 2481 1224 2540; x_wconf 86' lang='lat' dir='ltr'><strong>parom</strong></span> <span class='ocrx_word' id='word_1_214' title='bbox 1239 2459 1399 2540; x_wconf 85' lang='lat' dir='ltr'><strong>diligenter</strong></span> 
     </span>
     <span class='ocr_line' id='line_1_24' title="bbox 293 2543 1399 2627; baseline 0 -22"><span class='ocrx_word' id='word_1_215' title='bbox 293 2543 436 2620; x_wconf 85' lang='lat' dir='ltr'><strong>tradidit,</strong></span> <span class='ocrx_word' id='word_1_216' title='bbox 467 2545 544 2604; x_wconf 91' lang='lat' dir='ltr'><strong>alias</strong></span> <span class='ocrx_word' id='word_1_217' title='bbox 565 2547 736 2627; x_wconf 89' lang='lat' dir='ltr'><strong>perturbate</strong></span> <span class='ocrx_word' id='word_1_218' title='bbox 761 2555 791 2603; x_wconf 85' lang='lat' dir='ltr'><strong>et</strong></span> <span class='ocrx_word' id='word_1_219' title='bbox 814 2547 952 2621; x_wconf 82' lang='lat' dir='ltr'><strong>confuse,</strong></span> <span class='ocrx_word' id='word_1_220' title='bbox 989 2556 1021 2604; x_wconf 92' lang='lat' dir='ltr'><strong>ut</strong></span> <span class='ocrx_word' id='word_1_221' title='bbox 1042 2547 1239 2606; x_wconf 87' lang='lat' dir='ltr'><strong>rebellionem</strong></span> <span class='ocrx_word' id='word_1_222' title='bbox 1261 2545 1399 2605; x_wconf 86' lang='lat' dir='ltr'><strong>Gildonis</strong></span> 
     </span>
     <span class='ocr_line' id='line_1_25' title="bbox 297 2631 1398 2712; baseline -0.002 -20"><span class='ocrx_word' id='word_1_223' title='bbox 297 2652 325 2692; x_wconf 82' lang='lat' dir='ltr'><strong>s.</strong></span> <span class='ocrx_word' id='word_1_224' title='bbox 340 2633 391 2706; x_wconf 89' lang='lat'><strong>11,</strong></span> <span class='ocrx_word' id='word_1_225' title='bbox 413 2633 565 2710; x_wconf 83' lang='lat' dir='ltr'><strong>exposuit,</strong></span> <span class='ocrx_word' id='word_1_226' title='bbox 587 2631 661 2691; x_wconf 89' lang='lat' dir='ltr'><strong>alias</strong></span> <span class='ocrx_word' id='word_1_227' title='bbox 674 2634 754 2690; x_wconf 90' lang='lat' dir='ltr'><strong>male</strong></span> <span class='ocrx_word' id='word_1_228' title='bbox 769 2634 879 2705; x_wconf 89' lang='lat' dir='ltr'><strong>omisit,</strong></span> <span class='ocrx_word' id='word_1_229' title='bbox 895 2636 928 2690; x_wconf 90' lang='lat' dir='ltr'><strong>in</strong></span> <span class='ocrx_word' id='word_1_230' title='bbox 943 2633 1052 2712; x_wconf 87' lang='lat' dir='ltr'><strong>quibus</strong></span> <span class='ocrx_word' id='word_1_231' title='bbox 1066 2643 1185 2712; x_wconf 90' lang='lat' dir='ltr'><strong>praeter</strong></span> <span class='ocrx_word' id='word_1_232' title='bbox 1200 2653 1246 2691; x_wconf 90' lang='lat' dir='ltr'><strong>res</strong></span> <span class='ocrx_word' id='word_1_233' title='bbox 1258 2635 1291 2690; x_wconf 92' lang='lat' dir='ltr'><strong>in</strong></span> <span class='ocrx_word' id='word_1_234' title='bbox 1299 2633 1398 2690; x_wconf 82' lang='lat' dir='ltr'><strong>Gallia</strong></span> 
     </span>
     <span class='ocr_line' id='line_1_26' title="bbox 297 2716 1398 2797; baseline 0.001 -21"><span class='ocrx_word' id='word_1_235' title='bbox 297 2728 329 2776; x_wconf 88' lang='lat' dir='ltr'><strong>et</strong></span> <span class='ocrx_word' id='word_1_236' title='bbox 340 2719 496 2775; x_wconf 90' lang='lat' dir='ltr'><strong>Britannia</strong></span> <span class='ocrx_word' id='word_1_237' title='bbox 509 2727 608 2795; x_wconf 82' lang='lat' dir='ltr'><strong>gestas</strong></span> <span class='ocrx_word' id='word_1_238' title='bbox 620 2720 782 2796; x_wconf 87' lang='lat' dir='ltr'><strong>praecipue</strong></span> <span class='ocrx_word' id='word_1_239' title='bbox 793 2716 928 2776; x_wconf 84' lang='lat' dir='ltr'><strong>Alarichi</strong></span> <span class='ocrx_word' id='word_1_240' title='bbox 948 2720 1045 2797; x_wconf 89' lang='lat' dir='ltr'><strong>prima</strong></span> <span class='ocrx_word' id='word_1_241' title='bbox 1065 2721 1097 2776; x_wconf 91' lang='lat' dir='ltr'><strong>in</strong></span> <span class='ocrx_word' id='word_1_242' title='bbox 1107 2720 1227 2776; x_wconf 90' lang='lat' dir='ltr'><strong>ltaliam</strong></span> <span class='ocrx_word' id='word_1_243' title='bbox 1242 2717 1398 2777; x_wconf 87' lang='lat' dir='ltr'><strong>descensio</strong></span> 
     </span>
     <span class='ocr_line' id='line_1_27' title="bbox 297 2799 1400 2883; baseline 0 -21"><span class='ocrx_word' id='word_1_244' title='bbox 297 2801 378 2880; x_wconf 83' lang='lat' dir='ltr'><strong>(rid.</strong></span> <span class='ocrx_word' id='word_1_245' title='bbox 399 2821 509 2861; x_wconf 87' lang='lat' dir='ltr'><strong>comm.</strong></span> <span class='ocrx_word' id='word_1_246' title='bbox 531 2799 571 2859; x_wconf 92' lang='lat' dir='ltr'><strong>ad</strong></span> <span class='ocrx_word' id='word_1_247' title='bbox 589 2822 616 2859; x_wconf 90' lang='lat' dir='ltr'><strong>c.</strong></span> <span class='ocrx_word' id='word_1_248' title='bbox 630 2807 672 2866; x_wconf 76' lang='lat'><strong>26</strong></span> <span class='ocrx_word' id='word_1_249' title='bbox 686 2803 772 2876; x_wconf 87' lang='lat' dir='ltr'><strong>init.)</strong></span> <span class='ocrx_word' id='word_1_250' title='bbox 786 2799 925 2883; x_wconf 88' lang='lat' dir='ltr'><strong>ponenda</strong></span> <span class='ocrx_word' id='word_1_251' title='bbox 937 2813 992 2861; x_wconf 87' lang='lat' dir='ltr'><strong>est.</strong></span> <span class='ocrx_word' id='word_1_252' title='bbox 1037 2804 1096 2862; x_wconf 88' lang='lat' dir='ltr'><strong>alia</strong></span> <span class='ocrx_word' id='word_1_253' title='bbox 1108 2805 1268 2864; x_wconf 87' lang='lat' dir='ltr'><strong>omissione</strong></span> <span class='ocrx_word' id='word_1_254' title='bbox 1282 2804 1400 2862; x_wconf 82' lang='lat' dir='ltr'><strong>lactum</strong></span> 
     </span>
     <span class='ocr_line' id='line_1_28' title="bbox 297 2885 1399 2952; baseline 0.002 -6"><span class='ocrx_word' id='word_1_255' title='bbox 297 2898 345 2948; x_wconf 88' lang='lat' dir='ltr'><strong>est</strong></span> <span class='ocrx_word' id='word_1_256' title='bbox 365 2897 399 2945; x_wconf 90' lang='lat' dir='ltr'><strong>ut</strong></span> <span class='ocrx_word' id='word_1_257' title='bbox 416 2886 488 2944; x_wconf 91' lang='lat' dir='ltr'><strong>lude</strong></span> <span class='ocrx_word' id='word_1_258' title='bbox 508 2887 545 2944; x_wconf 90' lang='lat' dir='ltr'><strong>ab</strong></span> <span class='ocrx_word' id='word_1_259' title='bbox 569 2905 649 2946; x_wconf 86' lang='lat' dir='ltr'><strong>anuo</strong></span> <span class='ocrx_word' id='word_1_260' title='bbox 668 2887 731 2952; x_wconf 80' lang='lat'><strong>398</strong></span> <span class='ocrx_word' id='word_1_261' title='bbox 752 2889 892 2946; x_wconf 81' lang='lat' dir='ltr'><strong>Zosimus</strong></span> <span class='ocrx_word' id='word_1_262' title='bbox 911 2885 1068 2947; x_wconf 88' lang='lat' dir='ltr'><strong>historiam</strong></span> <span class='ocrx_word' id='word_1_263' title='bbox 1086 2888 1255 2949; x_wconf 87' lang='lat' dir='ltr'><strong>Occidentis</strong></span> <span class='ocrx_word' id='word_1_264' title='bbox 1273 2891 1399 2948; x_wconf 88' lang='lat' dir='ltr'><strong>omuino</strong></span> 
     </span>
     <span class='ocr_line' id='line_1_29' title="bbox 294 2975 1399 3054; baseline 0.002 -23"><span class='ocrx_word' id='word_1_265' title='bbox 294 2991 358 3033; x_wconf 90' lang='lat' dir='ltr'><strong>nou</strong></span> <span class='ocrx_word' id='word_1_266' title='bbox 370 2975 547 3052; x_wconf 81' lang='lat' dir='ltr'><strong>attingeret,</strong></span> <span class='ocrx_word' id='word_1_267' title='bbox 569 2981 600 3030; x_wconf 88' lang='lat' dir='ltr'><strong>et</strong></span> <span class='ocrx_word' id='word_1_268' title='bbox 614 2992 668 3050; x_wconf 86' lang='lat' dir='ltr'><strong>per</strong></span> <span class='ocrx_word' id='word_1_269' title='bbox 687 2977 725 3036; x_wconf 77' lang='lat'><strong>12</strong></span> <span class='ocrx_word' id='word_1_270' title='bbox 738 2993 835 3032; x_wconf 84' lang='lat' dir='ltr'><strong>annos</strong></span> <span class='ocrx_word' id='word_1_271' title='bbox 849 2983 967 3032; x_wconf 89' lang='lat' dir='ltr'><strong>tantum</strong></span> <span class='ocrx_word' id='word_1_272' title='bbox 981 2993 1028 3032; x_wconf 90' lang='lat' dir='ltr'><strong>res</strong></span> <span class='ocrx_word' id='word_1_273' title='bbox 1043 2977 1076 3032; x_wconf 92' lang='lat' dir='ltr'><strong>in</strong></span> <span class='ocrx_word' id='word_1_274' title='bbox 1089 2976 1210 3034; x_wconf 88' lang='lat' dir='ltr'><strong>Oriente</strong></span> <span class='ocrx_word' id='word_1_275' title='bbox 1223 2985 1324 3054; x_wconf 87' lang='lat' dir='ltr'><strong>gestas</strong></span> <span class='ocrx_word' id='word_1_276' title='bbox 1339 2993 1399 3034; x_wconf 84' lang='lat' dir='ltr'><strong>ex-</strong></span> 
     </span>
     <span class='ocr_line' id='line_1_30' title="bbox 296 3056 1398 3140; baseline 0.002 -23"><span class='ocrx_word' id='word_1_277' title='bbox 296 3059 432 3139; x_wconf 85' lang='lat' dir='ltr'><strong>plicaret.</strong></span> <span class='ocrx_word' id='word_1_278' title='bbox 475 3056 650 3137; x_wconf 89' lang='lat' dir='ltr'><strong>supplendis</strong></span> <span class='ocrx_word' id='word_1_279' title='bbox 669 3056 926 3140; x_wconf 89' lang='lat' dir='ltr'><strong>emeudandisque</strong></span> <span class='ocrx_word' id='word_1_280' title='bbox 944 3061 982 3119; x_wconf 91' lang='lat' dir='ltr'><strong>iis</strong></span> <span class='ocrx_word' id='word_1_281' title='bbox 1001 3078 1078 3140; x_wconf 90' lang='lat' dir='ltr'><strong>quae</strong></span> <span class='ocrx_word' id='word_1_282' title='bbox 1098 3059 1207 3120; x_wconf 90' lang='lat' dir='ltr'><strong>desunt</strong></span> <span class='ocrx_word' id='word_1_283' title='bbox 1227 3062 1398 3120; x_wconf 86' lang='lat' dir='ltr'><strong>autminus</strong></span> 
     </span>
     <span class='ocr_line' id='line_1_31' title="bbox 286 3142 1399 3225; baseline 0.001 -22"><span class='ocrx_word' id='word_1_284' title='bbox 286 3153 377 3203; x_wconf 77' lang='lat' dir='ltr'><strong>‘recte</strong></span> <span class='ocrx_word' id='word_1_285' title='bbox 397 3146 534 3222; x_wconf 82' lang='lat' dir='ltr'><strong>exposita</strong></span> <span class='ocrx_word' id='word_1_286' title='bbox 554 3153 640 3218; x_wconf 84' lang='lat' dir='ltr'><strong>srmt,</strong></span> <span class='ocrx_word' id='word_1_287' title='bbox 672 3154 798 3224; x_wconf 86' lang='lat' dir='ltr'><strong>possunt</strong></span> <span class='ocrx_word' id='word_1_288' title='bbox 819 3142 858 3202; x_wconf 92' lang='lat' dir='ltr'><strong>ad</strong></span> <span class='ocrx_word' id='word_1_289' title='bbox 882 3155 971 3224; x_wconf 91' lang='lat' dir='ltr'><strong>caput</strong></span> <span class='ocrx_word' id='word_1_290' title='bbox 986 3164 1080 3225; x_wconf 87' lang='lat' dir='ltr'><strong>usque</strong></span> <span class='ocrx_word' id='word_1_291' title='bbox 1101 3147 1140 3208; x_wconf 85' lang='lat'><strong>19</strong></span> <span class='ocrx_word' id='word_1_292' title='bbox 1154 3149 1290 3204; x_wconf 83' lang='lat' dir='ltr'><strong>maxime</strong></span> <span class='ocrx_word' id='word_1_293' title='bbox 1304 3147 1399 3205; x_wconf 84' lang='lat' dir='ltr'><strong>Olau-</strong></span> 
     </span>
     <span class='ocr_line' id='line_1_32' title="bbox 297 3227 1398 3311; baseline 0.003 -23"><span class='ocrx_word' id='word_1_294' title='bbox 297 3228 382 3288; x_wconf 90' lang='lat' dir='ltr'><strong>diani</strong></span> <span class='ocrx_word' id='word_1_295' title='bbox 395 3231 526 3288; x_wconf 88' lang='lat' dir='ltr'><strong>carmina</strong></span> <span class='ocrx_word' id='word_1_296' title='bbox 536 3230 699 3304; x_wconf 78' lang='lat' dir='ltr'><strong>inservire,</strong></span> <span class='ocrx_word' id='word_1_297' title='bbox 728 3248 807 3310; x_wconf 86' lang='lat' dir='ltr'><strong>quae</strong></span> <span class='ocrx_word' id='word_1_298' title='bbox 821 3249 942 3289; x_wconf 88' lang='lat' dir='ltr'><strong>omnem</strong></span> <span class='ocrx_word' id='word_1_299' title='bbox 953 3231 1017 3289; x_wconf 86' lang='lat' dir='ltr'><strong>fere</strong></span> <span class='ocrx_word' id='word_1_300' title='bbox 1034 3227 1123 3290; x_wconf 90' lang='lat' dir='ltr'><strong>huius</strong></span> <span class='ocrx_word' id='word_1_301' title='bbox 1138 3235 1282 3311; x_wconf 88' lang='lat' dir='ltr'><strong>temporis</strong></span> <span class='ocrx_word' id='word_1_302' title='bbox 1297 3229 1398 3291; x_wconf 88' lang='lat' dir='ltr'><strong>histo-</strong></span> 
     </span>
     <span class='ocr_line' id='line_1_33' title="bbox 295 3311 1398 3394; baseline 0.003 -21"><span class='ocrx_word' id='word_1_303' title='bbox 295 3318 373 3374; x_wconf 88' lang='lat' dir='ltr'><strong>riam</strong></span> <span class='ocrx_word' id='word_1_304' title='bbox 392 3311 562 3376; x_wconf 86' lang='lat' dir='ltr'><strong>Occidentis</strong></span> <span class='ocrx_word' id='word_1_305' title='bbox 577 3316 746 3389; x_wconf 76' lang='lat' dir='ltr'><strong>contineut3</strong></span> <span class='ocrx_word' id='word_1_306' title='bbox 776 3327 929 3394; x_wconf 87' lang='lat' dir='ltr'><strong>praeterea</strong></span> <span class='ocrx_word' id='word_1_307' title='bbox 949 3317 1165 3376; x_wconf 88' lang='lat' dir='ltr'><strong>ecclesiasticae</strong></span> <span class='ocrx_word' id='word_1_308' title='bbox 1181 3315 1325 3376; x_wconf 85' lang='lat' dir='ltr'><strong>historiae</strong></span> <span class='ocrx_word' id='word_1_309' title='bbox 1338 3337 1398 3376; x_wconf 89' lang='lat' dir='ltr'><strong>au·</strong></span> 
     </span>
     <span class='ocr_line' id='line_1_34' title="bbox 295 3397 1399 3483; baseline 0.001 -24"><span class='ocrx_word' id='word_1_310' title='bbox 295 3412 393 3459; x_wconf 83' lang='lat' dir='ltr'><strong>oteres</strong></span> <span class='ocrx_word' id='word_1_311' title='bbox 405 3397 625 3473; x_wconf 88' lang='lat' dir='ltr'><strong>Theodoretus,</strong></span> <span class='ocrx_word' id='word_1_312' title='bbox 646 3401 793 3475; x_wconf 85' lang='lat' dir='ltr'><strong>Socrates,</strong></span> <span class='ocrx_word' id='word_1_313' title='bbox 809 3401 1002 3476; x_wconf 84' lang='lat' dir='ltr'><strong>Sozomeuus,</strong></span> <span class='ocrx_word' id='word_1_314' title='bbox 1023 3399 1260 3482; x_wconf 79' lang='lat' dir='ltr'><strong>Philostorgius3</strong></span> <span class='ocrx_word' id='word_1_315' title='bbox 1283 3405 1399 3483; x_wconf 88' lang='lat' dir='ltr'><strong>passim</strong></span> 
     </span>
     <span class='ocr_line' id='line_1_35' title="bbox 296 3481 1399 3569; baseline 0.003 -25"><span class='ocrx_word' id='word_1_316' title='bbox 296 3481 419 3568; x_wconf 82' lang='lat' dir='ltr'><strong>quoqiae</strong></span> <span class='ocrx_word' id='word_1_317' title='bbox 433 3487 570 3560; x_wconf 84' lang='lat' dir='ltr'><strong>Orosius,</strong></span> <span class='ocrx_word' id='word_1_318' title='bbox 595 3484 775 3560; x_wconf 90' lang='lat' dir='ltr'><strong>lomandes,</strong></span> <span class='ocrx_word' id='word_1_319' title='bbox 799 3488 1016 3568; x_wconf 88' lang='lat' dir='ltr'><strong>Hieronymus,</strong></span> <span class='ocrx_word' id='word_1_320' title='bbox 1039 3487 1210 3566; x_wconf 84' lang='lat' dir='ltr'><strong>Frigeridus</strong></span> <span class='ocrx_word' id='word_1_321' title='bbox 1222 3487 1305 3569; x_wconf 85' lang='lat' dir='ltr'><strong>apud</strong></span> <span class='ocrx_word' id='word_1_322' title='bbox 1319 3490 1399 3547; x_wconf 87' lang='lat' dir='ltr'><strong>Gre-</strong></span> 
     </span>
     <span class='ocr_line' id='line_1_36' title="bbox 295 3571 1399 3654; baseline 0 -22"><span class='ocrx_word' id='word_1_323' title='bbox 295 3573 414 3650; x_wconf 79' lang='lat' dir='ltr'><strong>goriam</strong></span> <span class='ocrx_word' id='word_1_324' title='bbox 427 3573 655 3647; x_wconf 85' lang='lat' dir='ltr'><strong>Turonensem,</strong></span> <span class='ocrx_word' id='word_1_325' title='bbox 677 3573 805 3630; x_wconf 91' lang='lat' dir='ltr'><strong>loannes</strong></span> <span class='ocrx_word' id='word_1_326' title='bbox 819 3571 1024 3634; x_wconf 82' lang='lat' dir='ltr'><strong>Antiocheam</strong></span> <span class='ocrx_word' id='word_1_327' title='bbox 1037 3576 1069 3632; x_wconf 90' lang='lat' dir='ltr'><strong>in</strong></span> <span class='ocrx_word' id='word_1_328' title='bbox 1082 3576 1241 3654; x_wconf 85' lang='lat' dir='ltr'><strong>Excerptis</strong></span> <span class='ocrx_word' id='word_1_329' title='bbox 1259 3575 1399 3634; x_wconf 85' lang='lat' dir='ltr'><strong>Valesia-</strong></span> 
     </span>
     <span class='ocr_line' id='line_1_37' title="bbox 294 3653 1399 3742; baseline 0.001 -25"><span class='ocrx_word' id='word_1_330' title='bbox 294 3661 344 3717; x_wconf 89' lang='lat' dir='ltr'><strong>nis</strong></span> <span class='ocrx_word' id='word_1_331' title='bbox 357 3653 630 3738; x_wconf 25' lang='lat' dir='ltr'><strong>etvchrcnogr‘aphi.</strong></span> <span class='ocrx_word' id='word_1_332' title='bbox 672 3659 766 3715; x_wconf 88' lang='lat' dir='ltr'><strong>rarior</strong></span> <span class='ocrx_word' id='word_1_333' title='bbox 783 3675 854 3734; x_wconf 79' lang='lat' dir='ltr'><strong>usus</strong></span> <span class='ocrx_word' id='word_1_334' title='bbox 869 3668 914 3718; x_wconf 88' lang='lat' dir='ltr'><strong>est</strong></span> <span class='ocrx_word' id='word_1_335' title='bbox 929 3657 1121 3742; x_wconf 84' lang='lat' dir='ltr'><strong>Syrmnaohi,</strong></span> <span class='ocrx_word' id='word_1_336' title='bbox 1143 3661 1274 3742; x_wconf 81' lang='lat' dir='ltr'><strong>Synesii‚</strong></span> <span class='ocrx_word' id='word_1_337' title='bbox 1296 3658 1399 3740; x_wconf 83' lang='lat' dir='ltr'><strong>Chry-</strong></span> 
     </span>
     <span class='ocr_line' id='line_1_38' title="bbox 294 3739 822 3804; baseline -0.006 0"><span class='ocrx_word' id='word_1_338' title='bbox 294 3745 420 3804; x_wconf 89' lang='lat' dir='ltr'><strong>sostomi</strong></span> <span class='ocrx_word' id='word_1_339' title='bbox 433 3753 465 3802; x_wconf 86' lang='lat' dir='ltr'><strong>et</strong></span> <span class='ocrx_word' id='word_1_340' title='bbox 479 3741 591 3802; x_wconf 89' lang='lat' dir='ltr'><strong>codicis</strong></span> <span class='ocrx_word' id='word_1_341' title='bbox 603 3739 822 3802; x_wconf 85' lang='lat' dir='ltr'><strong>Theodosiani.</strong></span> 
     </span>
    </p>
   </div>
   <div class='ocr_carea' id='block_1_5' title="bbox 295 3859 1484 4116">
    <p class='ocr_par' dir='ltr' id='par_1_7' title="bbox 295 3859 1484 4116">
     <span class='ocr_line' id='line_1_39' title="bbox 379 3859 1398 3945; baseline 0.001 -23"><span class='ocrx_word' id='word_1_342' title='bbox 379 3883 412 3945; x_wconf 84' lang='lat' dir='ltr'><strong>p.</strong></span> <span class='ocrx_word' id='word_1_343' title='bbox 426 3863 490 3932; x_wconf 70' lang='lat'><strong>246</strong></span> <span class='ocrx_word' id='word_1_344' title='bbox 503 3882 534 3922; x_wconf 83' lang='lat' dir='ltr'><strong>v.</strong></span> <span class='ocrx_word' id='word_1_345' title='bbox 548 3863 579 3926; x_wconf 83' lang='lat'><strong>8.</strong></span> <span class='ocrx_word' id='word_1_346' title='bbox 621 3859 684 3920; x_wconf 76' lang='lat' dir='ltr'><strong>sid.</strong></span> <span class='ocrx_word' id='word_1_347' title='bbox 700 3862 817 3922; x_wconf 77' lang='lat' dir='ltr'><strong>comm.</strong></span> <span class='ocrx_word' id='word_1_348' title='bbox 839 3861 879 3922; x_wconf 90' lang='lat' dir='ltr'><strong>ad</strong></span> <span class='ocrx_word' id='word_1_349' title='bbox 890 3863 913 3922; x_wconf 81' lang='lat' dir='ltr'><strong>l.</strong></span> <span class='ocrx_word' id='word_1_350' title='bbox 931 3868 951 3929; x_wconf 83' lang='lat'><strong>3</strong></span> <span class='ocrx_word' id='word_1_351' title='bbox 972 3863 1012 3924; x_wconf 90' lang='lat' dir='ltr'><strong>ad</strong></span> <span class='ocrx_word' id='word_1_352' title='bbox 1030 3866 1132 3945; x_wconf 83' lang='lat' dir='ltr'><strong>legem</strong></span> <span class='ocrx_word' id='word_1_353' title='bbox 1145 3867 1234 3927; x_wconf 84' lang='lat' dir='ltr'><strong>eom.</strong></span> <span class='ocrx_word' id='word_1_354' title='bbox 1254 3863 1291 3924; x_wconf 88' lang='lat' dir='ltr'><strong>de</strong></span> <span class='ocrx_word' id='word_1_355' title='bbox 1307 3866 1398 3926; x_wconf 85' lang='lat' dir='ltr'><strong>sicar.</strong></span> 
     </span>
     <span class='ocr_line' id='line_1_40' title="bbox 295 3946 1484 4029; baseline 0.003 -21"><span class='ocrx_word' id='word_1_356' title='bbox 295 3969 380 4008; x_wconf 80' lang='lat' dir='ltr'><strong>noan.</strong></span> <span class='ocrx_word' id='word_1_357' title='bbox 398 3951 448 4014; x_wconf 87' lang='lat'><strong>11.</strong></span> <span class='ocrx_word' id='word_1_358' title='bbox 492 3946 569 4007; x_wconf 87' lang='lat' dir='ltr'><strong>adde</strong></span> <span class='ocrx_word' id='word_1_359' title='bbox 583 3949 713 4028; x_wconf 84' lang='lat' dir='ltr'><strong>Pagium</strong></span> <span class='ocrx_word' id='word_1_360' title='bbox 724 3951 757 4006; x_wconf 87' lang='lat' dir='ltr'><strong>in</strong></span> <span class='ocrx_word' id='word_1_361' title='bbox 772 3950 872 4008; x_wconf 87' lang='lat' dir='ltr'><strong>Oritio.</strong></span> <span class='ocrx_word' id='word_1_362' title='bbox 886 3946 927 4008; x_wconf 90' lang='lat' dir='ltr'><strong>ad</strong></span> <span class='ocrx_word' id='word_1_363' title='bbox 938 3968 965 4011; x_wconf 87' lang='lat' dir='ltr'><strong>a.</strong></span> <span class='ocrx_word' id='word_1_364' title='bbox 978 3953 1040 4017; x_wconf 82' lang='grc'><strong>395</strong></span> <span class='ocrx_word' id='word_1_365' title='bbox 1053 3955 1121 4012; x_wconf 86' lang='lat' dir='ltr'><strong>init.</strong></span> <span class='ocrx_word' id='word_1_366' title='bbox 1136 3963 1158 4012; x_wconf 83' lang='lat' dir='ltr'><strong>t.</strong></span> <span class='ocrx_word' id='word_1_367' title='bbox 1171 3957 1203 4029; x_wconf 80' lang='lat'><strong>2,</strong></span> <span class='ocrx_word' id='word_1_368' title='bbox 1226 3964 1256 4012; x_wconf 89' lang='lat' dir='ltr'><strong>et</strong></span> <span class='ocrx_word' id='word_1_369' title='bbox 1269 3951 1399 4013; x_wconf 84' lang='lat' dir='ltr'><strong>Suidam</strong></span> <span class='ocrx_word' id='word_1_370' title='bbox 1483 3987 1484 3992; x_wconf 20' lang='grc' dir='ltr'><strong><em>κ</em></strong></span> 
     </span>
     <span class='ocr_line' id='line_1_41' title="bbox 295 4011 1484 4116; baseline 0 -22"><span class='ocrx_word' id='word_1_371' title='bbox 295 4037 487 4116; x_wconf 81' lang='lat' dir='ltr'><strong>sxllunspio</strong></span> <span class='ocrx_word' id='word_1_372' title='bbox 500 4054 567 4096; x_wconf 75' lang='lat' dir='ltr'><strong>voc.</strong></span> <span class='ocrx_word' id='word_1_373' title='bbox 581 4032 747 4114; x_wconf 81' lang='grc' dir='ltr'><strong><em>Ῥουφῖνος.</em></strong></span> <span class='ocrx_word' id='word_1_374' title='bbox 790 4035 899 4094; x_wconf 75' lang='lat' dir='ltr'><strong>naar.</strong></span> <span class='ocrx_word' id='word_1_375' title='bbox 1483 4011 1484 4066; x_wconf 61' lang='lat' dir='ltr'><strong>i</strong></span> 
     </span>
    </p>
   </div>
   <div class='ocr_carea' id='block_1_6' title="bbox 280 4154 1484 4406">
    <p class='ocr_par' dir='ltr' id='par_1_8' title="bbox 280 4154 1484 4406">
     <span class='ocr_line' id='line_1_42' title="bbox 377 4154 1484 4239; baseline 0.012 -29"><span class='ocrx_word' id='word_1_376' title='bbox 377 4173 408 4234; x_wconf 85' lang='lat' dir='ltr'><strong>p.</strong></span> <span class='ocrx_word' id='word_1_377' title='bbox 420 4154 483 4220; x_wconf 76' lang='lat'><strong>247</strong></span> <span class='ocrx_word' id='word_1_378' title='bbox 497 4173 527 4212; x_wconf 80' lang='lat' dir='ltr'><strong>v.</strong></span> <span class='ocrx_word' id='word_1_379' title='bbox 539 4158 569 4217; x_wconf 85' lang='lat'><strong>2.</strong></span> <span class='ocrx_word' id='word_1_380' title='bbox 610 4154 713 4227; x_wconf 73' lang='lat' dir='ltr'><strong>ausui</strong></span> <span class='ocrx_word' id='word_1_381' title='bbox 726 4157 884 4214; x_wconf 78' lang='lat' dir='ltr'><strong>avaritiam</strong></span> <span class='ocrx_word' id='word_1_382' title='bbox 902 4167 986 4217; x_wconf 88' lang='lat' dir='ltr'><strong>notat</strong></span> <span class='ocrx_word' id='word_1_383' title='bbox 1008 4175 1129 4238; x_wconf 88' lang='lat' dir='ltr'><strong>quoque</strong></span> <span class='ocrx_word' id='word_1_384' title='bbox 1143 4155 1348 4238; x_wconf 81' lang='lat' dir='ltr'><strong>Symmachus</strong></span> <span class='ocrx_word' id='word_1_385' title='bbox 1365 4157 1403 4239; x_wconf 88' lang='grc'><strong>(6</strong></span> <span class='ocrx_word' id='word_1_386' title='bbox 1483 4163 1484 4236; x_wconf 74' lang='lat' dir='ltr'><strong>l</strong></span> 
     </span>
     <span class='ocr_line' id='line_1_43' title="bbox 283 4237 1406 4320; baseline 0.007 -24"><span class='ocrx_word' id='word_1_387' title='bbox 283 4255 341 4318; x_wconf 66' lang='lat' dir='ltr'><strong>ep.</strong></span> <span class='ocrx_word' id='word_1_388' title='bbox 357 4237 432 4318; x_wconf 67' lang='lat'><strong>16),</strong></span> <span class='ocrx_word' id='word_1_389' title='bbox 454 4259 472 4296; x_wconf 89' lang='lat' dir='ltr'><strong>a</strong></span> <span class='ocrx_word' id='word_1_390' title='bbox 487 4258 548 4319; x_wconf 85' lang='lat' dir='ltr'><strong>quo</strong></span> <span class='ocrx_word' id='word_1_391' title='bbox 560 4239 673 4320; x_wconf 83' lang='lat' dir='ltr'><strong>praedo</strong></span> <span class='ocrx_word' id='word_1_392' title='bbox 688 4251 812 4302; x_wconf 80' lang='lat' dir='ltr'><strong>vocatur</strong></span> <span class='ocrx_word' id='word_1_393' title='bbox 825 4261 967 4306; x_wconf 81' lang='lat' dir='ltr'><strong>annosus·</strong></span> <span class='ocrx_word' id='word_1_394' title='bbox 996 4241 1036 4302; x_wconf 85' lang='lat' dir='ltr'><strong>cf.</strong></span> <span class='ocrx_word' id='word_1_395' title='bbox 1054 4247 1181 4306; x_wconf 89' lang='lat' dir='ltr'><strong>loannes</strong></span> <span class='ocrx_word' id='word_1_396' title='bbox 1191 4242 1406 4305; x_wconf 75' lang='lat' dir='ltr'><strong>Antiochensis</strong></span> 
     </span>
     <span class='ocr_line' id='line_1_44' title="bbox 280 4323 669 4406; baseline 0.018 -22"><span class='ocrx_word' id='word_1_397' title='bbox 280 4323 413 4388; x_wconf 77' lang='lat' dir='ltr'><strong>s‘n&#39;lixc.</strong></span> <span class='ocrx_word' id='word_1_398' title='bbox 428 4325 531 4389; x_wconf 74' lang='lat' dir='ltr'><strong>valea.</strong></span> <span class='ocrx_word' id='word_1_399' title='bbox 547 4345 579 4406; x_wconf 83' lang='lat' dir='ltr'><strong>p·</strong></span> <span class='ocrx_word' id='word_1_400' title='bbox 595 4325 669 4390; x_wconf 79' lang='lat'><strong>848·</strong></span> 
     </span>
    </p>
   </div>
   <div class='ocr_carea' id='block_1_7' title="bbox 0 0 1520 4892">
    <p class='ocr_par' dir='ltr' id='par_1_9' title="bbox 0 0 1520 4892">
     <span class='ocr_line' id='line_1_45' title="bbox 0 0 1520 4892; baseline 0 0"><span class='ocrx_word' id='word_1_401' title='bbox 0 0 1520 4892; x_wconf 95' lang='lat' dir='ltr'><strong> </strong></span> 
     </span>
    </p>
   </div>
  </div>
 </body>
</html>
