3025 4892
380 329 715 399 COMMENTARIUS
745 331 1012 404 HISTORIGUS.
1176 331 1250 409 ³41

235 513 266 574 p·
283 491 323 560 63
337 516 369 555 s·
384 498 435 560 12.
477 495 515 555 da
536 498 611 557 asise
621 495 764 577 Palmyra
786 494 902 579 direpta
924 499 1050 582 epistola
1062 499 1251 582 imperatoris

151 577 234 660 apud
248 581 409 659 Vopisonm
422 581 539 662 (Aurei.
555 581 612 661 31)
630 593 738 641 exstat.

236 662 279 722 ib.
296 665 391 730 v.14.
433 669 551 727 Pinnas
572 671 637 727 sive
648 669 780 727 simius
802 664 926 748 quidam
945 668 978 727 iu
991 671 1129 750 Aegypto
1148 691 1250 732 rarum

150 747 359 809 novandarum
375 763 480 813 enatos·
496 755 605 812 inerat.
647 751 843 836 visivopisu.
860 754 1015 814 Aurelian.
1033 775 1059 816 ο.
1073 759 1124 819 32.
1165 756 1249 818 idem

149 833 184 892 in
203 837 265 894 vita
277 837 380 898 Firmi.
977 845 978 848 ’

235 918 278 978 ib.
296 941 327 980 v.
344 923 396 988 19.
441 920 583 1002 Τίτοιιιον
601 957 642 970 -
663 919 736 1003 μετὰ
754 917 814 1002 τήν
830 915 922 998 ἐξίοι
942 927 1083 1004 μετῆλθε.
1124 921 1159 984 td
1176 926 1252 986 snb-

151 1003 276 1064 obsoara
297 1004 422 1068 dietum.
475 1009 616 1066 Tetrians
639 1025 701 1066 non
721 1009 868 1087 supplioin
891 1007 1032 1083 affectus,
1066 1007 1120 1068 sed
1142 1011 1195 1070 ubi
1217 1013 1252 1070 in

151 1088 304 1170 tsinmpho
317 1091 424 1154 duatus
435 1074 551 1169 fuerat,
578 1094 729 1152 Lucaniae
744 1102 892 1154 comestos
911 1095 1080 1175 praefectus
1099 1075 1253 1193 abffipa-

151 1183 248 1234 satore
263 1187 319 1236 est.

235 1259 277 1320 to.
301 1282 333 1322 v.
354 1267 408 1327 21.
448 1261 640 1322 Αιινοὶὰιιιιιο
663 1275 813 1323 mommo
838 1265 988 1337 nstituit,
1021 1273 1097 1324 testa
1118 1266 1253 1325 Zosimo·

149 1345 262 1405 mirum
275 1345 371 1406 videri
384 1357 497 1429 potest,
527 1347 610 1431 quod
630 1350 694 1408 eius
718 1351 764 1408 rei
784 1351 904 1410 nullsun
924 1369 982 1409 nes
999 1350 1032 1408 in
1046 1352 1147 1410 numia
1159 1370 1253 1430 argu-

150 1441 288 1490 mentum
310 1453 368 1494 neo
389 1435 536 1494 memoria
557 1431 802 1513 deprehanditur.
852 1433 907 1494 aed
930 1433 1121 1496 referendum
1142 1431 1187 1495 est
1212 1434 1252 1494 ad

150 1513 331 1576 seditionem
344 1537 361 1577 a
374 1520 547 1578 monetariis
562 1530 693 1595 motam,
723 1523 777 1601 qui
798 1540 907 1581 numos
926 1531 1103 1580 amosaraut.
1146 1521 1252 1582 Aural.

151 1601 228 1659 vsu.
242 1603 328 1662 Caes.
340 1603 382 1668 34
399 1608 430 1680 6,
452 1602 523 1663 add.
537 1606 657 1684 Vopiso.
673 1625 700 1663 ο.
714 1608 765 1678 38,
786 1608 911 1684 Eutrop·
927 1609 947 1670 9
969 1604 1021 1669 14.
1035 1605 1082 1663 H.

235 1706 267 1766 p.
282 1687 367 1752 54v.
382 1692 414 1752 9.
457 1689 585 1767 singulis
601 1692 689 1768 panis
703 1691 859 1767 siligineus
875 1689 972 1748 datus.
1016 1691 1113 1748 oannis
1130 1707 1252 1772 quoque

150 1789 240 1830 usum
250 1775 431 1832 Ans-elianus
446 1773 559 1853 populo
572 1775 710 1832 instituit.
731 1777 833 1833 Victor
846 1777 919 1854 epit.
934 1773 974 1837 35
989 1775 1031 1832 ibi
1043 1775 1220 1834 Salmasius.

236 1856 278 1917 ib.
292 1876 323 1917 v.
338 1861 371 1922 6.
403 1854 504 1939 Ἔρως
518 1861 647 1938 Vopisoo
668 1860 793 1939 (Aurel.
807 1880 833 1918 ο.
848 1855 910 1938 86)
924 1857 1100 1917 Mnestheus
1117 1870 1252 1938 vocatus,

148 1944 284 2002 notarius
299 1954 491 2004 sensatorum.
535 1963 639 2004 oasam
655 1955 700 2003 est
713 1945 877 2024 imparatos
889 1961 981 2002 manu
996 1945 1192 2026 Muanaporis.

234 2026 276 2086 s'b.
295 2051 326 2089 v.
342 2033 394 2093 20.
437 2028 476 2088 da
491 2029 598 2088 Taoito
614 2031 653 2088 of.
667 2031 812 2108 Vopisons
826 2030 859 2088 in
872 2033 933 2088 vita
947 2031 1058 2088 Taciti

233 2133 265 2192 p·
286 2114 329 2179 65
346 2133 377 2172 v.
398 2117 429 2176 9.
473 2110 642 2190 διόξονοες.
684 2113 725 2175 ad
752 2114 947 2175 avertendam
973 2116 1121 2174 ultionem
1149 2109 1250 2172 saedis

148 2195 287 2257 Maximi.
330 2201 463 2258 Zonaras
477 2201 519 2266 12
539 2203 591 2264 28.

233 2281 391 2348 s'b.v.12.
435 2283 650 2360 sertoriano,
678 2285 732 2366 qni
754 2304 816 2344 non
837 2295 958 2344 senatus
977 2281 1032 2344 sed
1050 2302 1105 2344 suo
1128 2281 1250 2342 arbtnto

148 2365 310 2448 isnperium
322 2371 484 2444 invaserat,
505 2389 536 2428 v.
550 2371 695 2449 Vopisous
708 2372 740 2428 iu
752 2371 891 2430 Floriano
907 2383 937 2429 at
949 2370 1057 2430 Probo.

231 2473 265 2532 1>-
281 2455 321 2517 56
332 2474 363 2512 v.
379 2453 429 2516 14.
475 2452 513 2511 da
523 2456 622 2512 Probo
635 2474 666 2513 v.
682 2457 747 2513 eius
759 2459 820 2513 vita
834 2475 851 2513 a
866 2457 992 2535 Vopiaoo
1007 2453 1186 2533 conscripta.

232 2557 264 2617 p.
282 2539 322 2602 67
337 2557 366 2594 v.
382 2538 412 2602 5.
456 2537 632 2597 observante
644 2540 798 2618 Scaligem
811 2537 850 2597 ad
864 2540 1039 2615 Eusebium,
1061 2539 1176 2598 Zosimi
1190 2535 1249 2597 Sa-

149 2622 304 2680 turninum
322 2625 461 2679 Mannum
477 2622 631 2698 facientis,
660 2632 762 2680 contra
783 2627 989 2682 auctoritatem
1005 2625 1125 2702 Vopisci
1144 2624 1249 2681 oriun-

149 2705 225 2764 dum
236 2727 307 2766 aum
320 2729 338 2766 a
350 2707 449 2764 Gallia
463 2705 606 2783 dissutis,
635 2704 831 2766 hallnoinatio
846 2707 918 2766 inda
934 2718 997 2766 orta
1010 2707 1144 2780 videtur,
1166 2704 1249 2786 quod

148 2793 328 2878 Satuminus
344 2793 478 2852 Airioam
499 2811 518 2852 a
538 2793 653 2852 Mauris
673 2802 849 2874 ooonpatam
870 2793 1060 2854 liberaverat.
1101 2793 1249 2870 vopnous

148 2897 175 2936 ο.
194 2877 245 2941 10.

232 2961 264 3020 ib
276 2983 308 3020 s.
323 2965 376 3027 28.
417 2962 647 3022 immantariasn
665 2959 746 3020 hano
765 2963 901 3044 pluviam
919 2971 1021 3021 namat
1040 2961 1132 3022 atium
1146 2961 1248 3018 Zona-

147 3067 212 3120 ras,
247 3046 304 3108 aad
323 3046 427 3106 addita
450 3046 607 3106 dubitandi
627 3047 776 3125 ionnnla,
812 3047 843 3112 si
864 3066 924 3112 τισι
948 3050 1038 3112 assisa
1064 3039 1249 3110 πιστεύοιτο.

152 3134 264 3192 Cellar.

231 3239 263 3300 p·
277 3216 320 3282 68
335 3237 365 3276 v.
380 3220 412 3281 3.
454 3219 487 3276 in
503 3217 691 3297 Logiom’bus
712 3213 879 3276 haerebunt
895 3237 1015 3277 manum
1034 3216 1086 3276 alii
1109 3215 1246 3272 lautores.

146 3303 287 3364 videntur
306 3301 401 3361 iidem
422 3285 509 3378 essa,
540 3307 593 3383 qui
606 3305 701 3383 lygis'
716 3305 814 3382 magis
831 3304 953 3384 uulgato
973 3303 1113 3376 nomine,
1136 3317 1246 3358 nume-

147 3386 235 3446 randi
250 3388 336 3462 adeo,
356 3399 475 3448 anatona
487 3391 626 3465 zosimo,
646 3392 725 3447 inter
737 3391 931 3448 Germanicos
945 3387 1084 3468 populos.
1126 3403 1247 3442 mamo-

147 3475 224 3532 ravit
237 3493 289 3532 eos
301 3475 364 3533 ism
377 3475 502 3533 Tacitus
517 3474 618 3532 Genu.
631 3471 691 3548 43,
720 3493 780 3554 qno
793 3485 928 3553 tempose
943 3473 983 3532 ad
996 3472 1144 3534 vistulam
1158 3467 1245 3529 sedes

147 3555 308 3616 habebant.
350 3561 501 3637 progressi
512 3555 583 3618 inde
595 3577 700 3617 versus
712 3560 884 3618 Pannoniae
898 3559 981 3634 fines,
1002 3559 1087 3616 fuera
1100 3559 1178 3615 inter
1192 3573 1244 3614 eos

146 3643 291 3724 populos,
323 3645 376 3723 qui
389 3646 539 3703 Vanninm
550 3663 644 3721 regno
657 3646 735 3702 intas
747 3647 865 3702 Mamm
879 3655 908 3702 et
924 3645 1036 3704 Cusum
1048 3643 1131 3700 fium.
1144 3659 1245 3720 expu-

145 3729 257 3787 lerunt.
298 3729 398 3787 Tacit.
419 3730 632 3794 mun-1229.
674 3749 755 3787 nano
781 3731 970 3788 incursarunt
991 3729 1194 3799 Pannoniam,
1225 3741 1245 3784 a

146 3814 246 3872 Probo
258 3813 396 3891 sapsessi.
438 3815 548 3870 itemm
560 3814 674 3873 Suevos
688 3817 721 3873 in
732 3815 846 3874 Moesia
863 3815 1043 3874 infestarunt
1054 3811 1110 3871 sub
1121 3809 1244 3869 moole-

145 3901 240 3958 umo.
282 3900 340 3959 Dio
353 3897 492 3962 675ubi
503 3917 535 3956 s.
548 3899 666 3958 Febris.
700 3901 769 3957 Η.)

231 3982 390 4045 uba-14.
434 4002 503 4042 oum
524 3984 712 4064 Burgundis,
742 4001 871 4064 quorum
895 3979 946 4042 hio
966 3981 1079 4039 mentio
1104 3975 1198 4037 modo
1224 3995 1243 4036 a

145 4071 268 4129 zosimo
282 4071 391 4127 inieota
407 4077 470 4146 est,
492 4069 696 4130 Diooletianns
718 4069 865 4129 oonflixit.
906 4067 1077 4126 Mamas-tin.
1093 4064 1243 4143 Panegya.

146 4172 174 4212 ο.
195 4154 226 4219 6.

229 4259 261 4318 p·
277 4240 319 4306 69
332 4261 360 4298 s·
376 4242 427 4302 11.
470 4233 596 4316 Λύδιος.
638 4239 773 4320 appellat
787 4235 920 4298 eundem
934 4233 1079 4319 Vopiscus
1091 4232 1245 4317 (inPrabo

146 4344 175 4382 ο.
191 4325 245 4404 16)
258 4324 438 4385 Palfurium.
