3025 4892
258 295 335 368 290
734 284 894 357 zoslnfl·

261 473 317 536 τοῦ
338 458 490 550 βασιλίως
505 461 550 541 εἰς
565 456 621 547 την
630 449 797 545 Ῥάβενναν
810 454 931 548 ἄφιξιν,
961 451 1065 540 insedi
1081 451 1234 536 Στελίχων
1248 449 1305 536 μὲν
1324 451 1373 527 είς

263 571 320 656 τὴν
337 563 503 651 Ῥάβενναν
523 559 563 652 ἦν
571 613 582 645 ,
605 561 624 631 d
639 565 674 630 δὲ
687 562 834 648 βασιλεδς
847 561 956 645 enlm
970 559 1112 650 Βονωνίᾳ
1127 562 1166 644 τῇ
1181 551 1284 634 πόλει,
1310 557 1375 646 μιᾷ

264 681 321 759 τῆς
334 671 484 756 Λίμιλίας
498 669 593 756 οὔσῃ,
621 668 797 758 διεστηκυίρι
812 667 846 731 δὲ
860 674 924 743 τοῒς
937 663 1135 746 καλουμίνοις
1147 663 1260 744 μιλίοις
1275 656 1375 742 ἕβδο-

301 775 312 802 Ι

265 801 405 864 μηκοντο
418 781 474 858 τῆς
482 771 645 856 Ῥαβίννης
648 817 660 851 ,
683 767 899 855 μετάπεμπτος
911 769 1024 855 γίνεται
1038 767 1191 847 Στελίχων
1206 759 1257 828 οἷα
1271 787 1375 849 στρα-

266 886 384 951 τιωτολν
398 876 478 944 κατδ
491 875 548 960 τὴν
564 872 637 941 δδδν
651 873 729 962 πρδς
743 871 896 957 ἀλλήλους
911 865 1158 948 στασιασάντων,
1192 865 1245 954 ip’
1262 855 1288 954 ᾧ
1304 873 1403 930 σεο-5

268 982 441 1074 φρονισμδν
457 977 562 1058 adroic
573 979 758 1063 ἐπαχθῆναι.
809 977 996 1058 Στελίχωνος
1013 973 1046 1040 dd
1061 967 1284 1056 συναγαγόντος
1299 968 1378 1046 τοδς

267 1083 512 1163 στασιάσαντας,
537 1084 590 1148 καλ
607 1081 665 1166 οδχ
678 1079 726 1149 δτι
742 1085 996 1167 σωφρονισθῆναι
1009 1073 1103 1160 μόνον
1118 1073 1231 1151 αὐτοὺς
1246 1069 1263 1138 ὅ
1276 1079 1376 1156 βασι·

268 1191 339 1268 λεδς
353 1186 518 1255 κελεύσειεν
532 1181 685 1266 ελπάντος,
716 1183 789 1250 ἀλλ’
814 1182 861 1250 ὅτι
882 1180 963 1248 κατδ
985 1177 1101 1247 δεκάδα
1120 1177 1175 1244 τὸν
1191 1174 1379 1243 αίτιώτατον

269 1296 324 1360 ἵνα
338 1289 468 1379 θανάτῳ
483 1292 675 1374 ζημιωθῆναι
688 1287 909 1375 προσετέτακτο
918 1332 929 1367 ,
952 1291 1100 1351 τοσοῦτον
1121 1281 1226 1359 αὐτοῖς
1247 1281 1378 1363 δνίθηκε

270 1395 371 1487 φόβον
386 1394 464 1460 ὥστε
480 1391 601 1479 δάκρυα
616 1389 734 1469 πάντας
747 1390 893 1478 ἀρτίπος
906 1392 949 1466 τίς
962 1387 1046 1454 ἔλεον
1057 1385 1111 1452 τδν
1122 1384 1293 1473 στρατηγὸν
1304 1384 1377 1448 ίπι-
1388 1393 1423 1448 lo

269 1499 454 1566 σπείσασθαι
469 1499 521 1562 καλ
534 1493 728 1578 ὑποσχέσθαι
742 1494 800 1578 τὴν
814 1501 870 1560 τοῦ
883 1493 1035 1574 βασιλίως
1048 1489 1212 1574 εδμίνειαν.
1263 1488 1326 1553 ἐπεὶ
1340 1489 1379 1552 δὲ

271 1603 328 1670 οδκ
344 1601 475 1692 ἔσφηλεν
487 1581 585 1666 1αδτδν
599 1594 616 1663 d
630 1597 776 1682 βασιλεδς
795 1603 851 1682 τῆς
866 1585 1057 1680 ὑποσχέσεως
1061 1641 1073 1676 ,
1099 1596 1142 1670 εἰς
1156 1591 1213 1678 τὴν
1227 1593 1294 1679 περὶ
1312 1597 1381 1656 τῶν

271 1713 381 1773 κοινῶν
393 1701 568 1791 ἐτράπησαν
582 1703 712 1786 σκίιμιν·
736 1699 755 1767 d
769 1725 802 1767 τε
816 1699 876 1788 ηδρ
893 1702 1045 1789 Στελίχων
1059 1700 1103 1776 εἰς
1117 1695 1173 1781 τὴν
1188 1692 1268 1784 ἑῴαν
1282 1691 1381 1777 ἓβοά-

270 1816 340 1876 λετο
358 1812 502 1892 διαβῆναι
519 1808 572 1872 καλ
592 1805 632 1872 sd
655 1804 737 1871 κατδ
755 1803 810 1870 τδν
828 1803 990 1892 Ἀρκαδίου
1006 1805 1104 1869 παῖδα
1121 1797 1289 1865 Θεοδόσιον
1305 1801 1381 1862 δια·

271 1919 391 1991 θεῖναι,
415 1912 483 1976 νίον
494 1908 570 1975 δντα
583 1911 635 1974 καί
651 1909 834 1992 κηδεμονίας
854 1904 996 1990 δεόμενον
1000 1955 1011 1986 ,
1037 1904 1055 1972 d
1071 1929 1103 1972 τε
1118 1901 1265 1986 βασιλεὺς
1275 1898 1376 1968 ‘Ouo'-
1387 1911 1425 1966 1⁵

271 2041 338 2104 ριος
353 2013 446 2091 αὐτὸς
460 2011 643 2078 στίλλεσθαι
664 2011 721 2095 τὴν
740 2006 814 2076 δδδν
835 2007 950 2094 ταύτην
969 2012 1128 2089 διενοεῖτο,
1160 2009 1212 2072 καλ
1228 2003 1286 2072 ὅσα
1299 2005 1380 2091 πρὸς

270 2115 444 2206 depellerer
464 2121 520 2199 τῆς
542 2120 599 2180 τοῦ
620 2113 690 2179 νίου
711 2114 872 2197 βασιλείας
886 2115 1094 2196 οἰκονομῆσαι.
1146 2106 1380 2197 δυσαρεστήσας

271 2221 321 2288 int
334 2217 434 2309 τοάτῳ
449 2219 603 2301 Στελίχων
618 2216 672 2282 cdv
686 2214 777 2302 δγνον
791 2222 853 2282 τῶν
865 2217 933 2303 περί
947 2217 1002 2301 τὴν
1017 2213 1089 2282 ὃδδν
1105 2214 1257 2296 ἓσομίνων
1273 2216 1379 2279 δαπα-

270 2321 417 2410 νημάτων
433 2321 516 2407 άγων
529 2323 572 2400 εἷς
584 2319 679 2404 μίσον
692 2319 854 2405 ἀποτρίπει
869 2319 922 2385 τδν
935 2321 1067 2404 βασιλεία
1082 2316 1266 2402 ταύτηςτῇς
1280 2318 1380 2404 ἐγχει-

272 2427 400 2516 ρήσεως.
430 2423 511 2510 ἔλεγε
527 2424 561 2490 dd
576 2423 657 2508 μηδὲ
672 2423 728 2508 τὴν
741 2420 948 2489 ἐπανάστασιν
963 2423 1195 2491 Κωνσταντίνου
1211 2429 1427 2507 συγχωρεῒνξο

272 2533 358 2620 crispi
372 2536 428 2614 τῆς
438 2531 506 2614 περὶ
519 2525 778 2611 τὴνἾταλίανκαλ
789 2527 845 2611 τὴν
853 2523 974 2613 Ῥώμην
986 2526 1082 2612 αὐτὴν
1095 2527 1265 2610 ἀποστῆναι
1279 2549 1378 2613 φρον-

270 2636 372 2714 τίδος,
396 2633 457 2718 ἤδη
468 2632 702 2698 Κωνσταντίναυ
716 2637 774 2696 τοῦ
787 2627 937 2718 τυράννου
951 2630 1008 2717 τὴν
1017 2631 1173 2698 Γαλατίαν
1190 2635 1294 2694 πᾶσαν
1307 2631 1380 2694 δια·

274 2734 447 2829 δραμόντας
460 2737 512 2802 καί
530 2735 564 2803 δν
585 2739 626 2825 τῇ
641 2731 795 2829 Ἅρελάτιρ
811 2735 1030 2824 διατρίβοντος.
1081 2741 1238 2825 προσεῖναι
1254 2733 1289 2800 δὲ
1303 2729 1379 2800 rosi·

341 2949 361 3005 6
376 2943 408 3005 di
424 2947 476 3004 edd
491 2947 530 3005 H.

272 3136 333 3194 lude
343 3153 400 3191 eum
410 3140 481 3191 esset
491 3135 633 3192 Rursum
643 3132 767 3205 Stellam,
784 3133 904 3222 princeps
915 3139 1002 3192 sutem
1014 3129 1294 3204 venissetllononism,
1311 3149 1381 3206 quse

272 3210 337 3262 orbs
345 3215 386 3262 est
398 3206 533 3274 Aemiliae,
555 3205 640 3290 spatio
651 3205 817 3276 septuaginta
828 3207 977 3270 millerium,
999 3214 1029 3259 ut
1039 3212 1149 3273 vocent,
1166 3225 1183 3260 e
1195 3207 1319 3260 Ravenns
1334 3223 1382 3258 re·

272 3284 359 3342 motu,
385 3277 523 3330 monitus
538 3276 588 3330 fust
604 3277 639 3328 sis
651 3293 682 3327 eo
694 3276 824 3342 Stelicho,
842 3277 911 3345 quod
922 3278 948 3330 in
959 3277 1052 3329 itinere
1063 3275 1155 3346 milites
1164 3275 1233 3328 inter
1245 3293 1275 3329 se
1285 3275 1381 3328 turnul-

272 3347 341 3401 tusti
351 3344 469 3410 inissem,
483 3351 514 3397 ut
525 3361 570 3397 eos
582 3343 724 3412 oestigstos
735 3353 920 3428 compesceret.
955 3345 1081 3412 Stelicho,
1099 3344 1247 3398 convocetis
1259 3344 1380 3397 militibus

272 3412 419 3481 seditiosis,
438 3430 496 3465 cum
507 3429 559 3466 non
570 3413 646 3466 nodo
657 3413 760 3466 iussisse
771 3413 868 3467 diceret
878 3414 1059 3484 impertitorem
1070 3421 1099 3466 ut
1110 3415 1314 3482 castigarentur,
1332 3413 1381 3466 sed

273 3483 350 3538 ethus
367 3482 532 3552 prsecepisse
541 3489 572 3534 ut
585 3482 762 3536 deeumstioue
780 3485 851 3536 lucto
863 3484 1057 3536 nocentissimus
1071 3483 1181 3552 quisque
1192 3491 1274 3536 morte
1285 3481 1383 3534 mults·-

271 3559 355 3621 ntur,
371 3556 471 3604 unum
481 3551 519 3602 e‘u
529 3551 724 3621 trepidationem
735 3551 841 3604 inclusit
851 3559 880 3604 ut
891 3569 978 3606 omnes
989 3553 1102 3636 profusis
1112 3551 1230 3605 lacrumis
1241 3552 1332 3604 ducem
1343 3551 1382 3604 sel

271 3619 535 3676 mnnefiwrdisn
545 3620 690 3688 flecterent
708 3627 739 3672 ut
748 3619 870 3690 principis
882 3621 1038 3674 elementrum
1050 3620 1088 3674 eis
1134 3621 1273 3674 lliceretur.
1307 3637 1383 3673 cum-

272 3706 325 3760 que
334 3690 469 3773 princeps,
494 3689 566 3758 quod
576 3689 621 3745 ille
631 3689 802 3760 promiserat,
819 3697 904 3744 retum
916 3689 1063 3760 habuisset,
1078 3706 1096 3742 s
1123 3691 1333 3744 consultationem
1346 3689 1383 3742 de

272 3759 384 3831 publicis
397 3760 477 3812 rebus
494 3759 602 3812 enimurn
620 3759 779 3812 sdiwerunt
814 3775 872 3812 nem
891 3766 920 3812 ct
935 3759 1050 3813 Stslicho
1069 3759 1191 3829 cupiebat
1206 3760 1233 3813 in
1245 3759 1383 3812 Orientem

273 3827 404 3900 proticisci
416 3843 509 3897 resque
520 3828 662 3882 Theodosii
673 3825 840 3894 constituere,
857 3828 901 3897 qui
913 3829 1016 3881 Arcadii
1027 3826 1094 3881 lilius
1106 3836 1172 3892 eret,
1190 3829 1275 3882 adhuc
1290 3827 1383 3880 rdole·

272 3915 349 3952 scens
360 3915 392 3951 sc
402 3897 499 3950 tutelse
508 3897 630 3967 indigus,
655 3897 751 3968 etipse
762 3896 882 3982 princeps
894 3897 1022 3951 Honorius
1033 3899 1100 3952 idem
1112 3897 1174 3950 illud
1185 3899 1235 3951 iter
1247 3897 1384 3967 suscipere

274 3968 417 4036 cogitsbst,
433 3973 463 4018 et
473 3983 540 4050 ques
550 3967 702 4022 stebiliendo
713 3966 804 4036 pnpilli
814 3966 889 4018 husus
900 3966 1005 4036 imperio
1016 3969 1132 4020 lucerent
1145 3967 1274 4022 ordinere.
1309 3965 1384 4050 qnod

150 4103 153 4108 ,
273 4053 331 4090 αισι
341 4036 486 4089 διαδικάσαι
496 4035 676 4106 displicuisset,
687 4036 715 4088 ln
726 4035 833 4088 medium
844 4035 972 4104 products
982 4045 1127 4108 sumptuum
1138 4035 1165 4088 in
1175 4036 1268 4089 itinere
1279 4037 1384 4088 secun·

272 4105 364 4158 dorum
374 4105 441 4158 mole
453 4105 594 4175 principem
605 4106 639 4158 sb
649 4106 699 4158 lsoc
709 4103 816 4157 consilio
831 4105 954 4160 deterret.
997 4112 1134 4177 praetereo
1144 4123 1177 4158 ne
1188 4105 1267 4159 licere
1277 4104 1384 4174 qnideus

274 4174 299 4226 ei
310 4189 357 4243 per
368 4172 530 4228 consuntiui
540 4173 705 4228 rebellionem
719 4174 757 4226 sit
770 4180 800 4225 ut
813 4174 846 4225 ab
858 4173 950 4228 ltsline
960 4179 1039 4244 etque
1049 4175 1129 4246 ipsius
1140 4173 1241 4228 Romse
1251 4191 1311 4228 cure
1323 4174 1384 4225 lon-

273 4241 333 4311 gius
344 4243 512 4309 obscederet‚
605 4243 639 4298 do
651 4245 700 4296 ism
712 4241 853 4314 perduellis
864 4243 907 4298 ille
919 4244 1101 4297 Constantinus
1112 4245 1256 4296 universam
1269 4243 1385 4296 Gellium

273 4310 446 4381 percurrisset
456 4319 485 4367 et
572 4319 601 4369 te
609 4311 728 4384 deseret
762 4313 794 4368 sd
804 4313 870 4384 ists,
891 4329 959 4385 quse
970 4321 1055 4370 τιωυα
1066 4314 1099 4370 sd
1110 4312 1291 4386 requirendum
1302 4329 1387 4386 prse-
