3025 4892
525 287 604 356 um.
631 293 652 356 a
677 287 764 356 car.
785 292 835 356 ω.
855 293 907 356 ao.
1033 246 1036 256 ⁸
1195 285 1267 360 153

167 467 288 530 θοῦσαν
302 457 399 528 νόκτα
413 461 567 548 disruptio
582 461 630 527 tut
643 461 684 528 τὰ
700 457 805 548 πρόσω
818 466 857 547 τῇ
868 455 1013 550 ὑστεραίᾳ
1026 465 1165 548 προῆγεν.
1217 461 1268 524 έλ-

166 567 237 632 θδιν
255 567 288 630 δέ
306 568 434 650 πλησίον
453 569 602 653 φρουρίου
622 564 704 642 τινδς
717 564 841 649 ’πληγὴν
862 568 983 648 καιρίαν
1007 565 1151 646 δέχεσθαι
1179 564 1268 645 ε’μέλ-

169 676 259 752 λησε·
284 669 417 756 τῶνγὰρ
434 669 493 733 ἀπό
509 675 565 735 τοῦ
576 655 726 756 φρουρίου
738 693 785 744 τις
796 667 922 755 Πέρσης
934 667 1071 732 ἐπελθὼν
1085 674 1124 754 τῇ
1137 673 1192 732 τοῦ
1205 674 1268 750 βα-

170 773 277 848 σιλέως
297 779 414 859 κεφαλῇ
435 772 470 837 τό
492 775 581 858 ξίφος
607 771 765 855 ἐπήλασεν.
816 767 832 835 5
862 771 894 835 δὲ
920 768 1117 856 προϊδόμενος
1140 770 1268 854 ἐπέθηκε

146 875 227 962 ἀτήν
244 863 359 940 ἀσπίδα
374 883 413 963 τῇ
428 880 563 963 κεφαλῇ,
583 878 634 941 καὶ
651 872 748 962 ταότη
763 873 818 956 τὴν
836 873 952 959 πληγήν
970 873 1158 938 ἀπεσείσατο.
1193 875 1270 940 dari-

170 1004 223 1043 νον
245 979 302 1061 μέν
324 970 379 1043 oio
403 978 433 1044 oi
454 985 639 1066 στρατιῶται
666 975 870 1061 συμπεσόντες
891 977 1101 1064 κατέσφαξαν,
1128 977 1271 1053 καὶτοὺς

172 1080 228 1147 οδν
251 1082 335 1169 αὐτῷ
359 1078 493 1161 πάντας,
523 1085 550 1147 εί
565 1079 659 1166 μήπω
674 1083 709 1167 γέ
723 1107 802 1158 τινες
823 1078 979 1158 διαδόντες
997 1082 1165 1166 συνέφυγον
1181 1083 1224 1157 είς
1237 1079 1273 1144 τό

172 1182 335 1272 φροόριον·
368 1190 601 1268 δυσανασχετῶν
630 1185 664 1252 δέ
693 1181 709 1249 5
735 1183 882 1269 βασιλεδς
904 1185 952 1248 ἐπὶ
975 1190 1020 1272 τῷ
1042 1180 1215 1266 τολμήματι
1238 1181 1287 1246 τό

171 1286 321 1374 φροόριον
350 1287 527 1368 ἀνεσκόπει,
564 1292 615 1354 καί
643 1286 719 1354 ὅπου
740 1285 896 1370 ἀλαίσιμον
921 1287 966 1371 είη
992 1286 1116 1374 περιιεδν
1137 1283 1276 1372 έθειόρει.

131 1394 239 1476 1οπερί
256 1397 346 1457 τοῦτο
364 1394 398 1456 δέ
412 1392 533 1475 έχοντος
549 1393 645 1460 αὐτοῦ
650 1440 661 1472 ,
685 1402 751 1468 τοῖς
769 1393 801 1456 έν
816 1398 861 1480 τῷ
875 1391 960 1457 ἀλσει
975 1397 1036 1456 τῶν
1051 1391 1195 1478 φοινίκων
1208 1391 1274 1454 ε’πι·

170 1497 290 1576 μείνασι
304 1494 504 1581 στρατιώταις
516 1493 533 1560 5
547 1493 700 1583 οουρήνας
712 1491 886 1582 ἀπρόοπτος
902 1495 1056 1582 ἐπιφανεὶς
1073 1499 1134 1558 τῶν
1148 1519 1180 1558 τε
1195 1489 1273 1555 riuo-

172 1588 280 1682 ζαμίαν
292 1601 344 1664 καὶ
359 1607 412 1681 τῆς
425 1599 596 1680 ἀποσκευῆς
608 1595 770 1684 κρατήσειν
784 1595 911 1680 ήλπισε,
933 1599 982 1662 καὶ
1000 1594 1065 1679 ἀμα
1078 1595 1131 1662 τόν
1144 1596 1275 1678 βασιλέα

172 1708 263 1764 τοῦτο
288 1698 433 1781 μαθόντα
448 1699 570 1778 πάντως
586 1699 768 1783 ἀποστήσειν
782 1705 837 1782 τῆς
851 1706 908 1765 τοῦ
921 1700 1069 1788 φρουρίου
1087 1700 1273 1784 πολιορκίας.

173 1801 246 1870 ἀλλ’
269 1804 380 1880 ίκεῖνος
401 1805 458 1886 μέν
481 1805 514 1868 έν
535 1810 580 1891 νῷ
596 1810 695 1869 ταῦτα
709 1801 880 1886 βαλόμενος
897 1802 1078 1890 ἀμφοτέρων
1097 1798 1272 1884 διήμαρτεν,

132 1902 191 1970 155
211 1906 245 1969 δέ
264 1907 410 1988 βασιλεδς
430 1909 463 1974 έν
479 1912 585 1995 πολλῷ
609 1907 665 1989 τήν
683 1913 740 1972 τοῦ
759 1908 907 1993 φρουρίου
930 1908 1110 1992 καθαίρεσιν
1126 1905 1271 1968 ἐποιεῖτο·

173 2006 261 2084 πόλις
284 2034 317 2073 τε
338 2009 397 2096 γὰρ
416 2011 592 2094 ἐπλησίαζεν
611 2009 695 2097 αὐτῷ
708 2012 864 2092 Βησοσχίς
879 2008 975 2092 ὄνομα
984 2058 994 2090 ,
1018 2005 1274 2094 πολυάνθρωπος,

174 2114 225 2176 καί
246 2110 326 2177 ἀλλα
345 2111 479 2199 φρούρια
500 2119 644 2193 πλεῖστα,
670 2103 712 2178 ὧν
730 2113 886 2194 συνέβαινε
903 2113 975 2190 τοδς
991 2109 1150 2199 οἰκήτορας
1166 2111 1275 2178 ἀπολι-

175 2212 288 2291 πόντας
302 2215 342 2280 aci
359 2217 491 2304 σφέτερα
511 2213 553 2294 ὡς
571 2217 626 2282 oda
645 2215 797 2302 ἀρκοῦντα
815 2217 891 2302 πρὸς
905 2219 1058 2301 σωτηρίαν
1077 2218 1120 2298 είς
1136 2213 1170 2279 τδ
1190 2212 1276 2299 παρὰ
1349 2269 1353 2276 .

175 2324 232 2382 τοῦ
252 2320 404 2401 βασιλέως
427 2317 682 2406 πολιορκοόμενον
698 2321 899 2406 συνδραμεῖν,
924 2319 1003 2402 πλήν
1020 2325 1080 2384 τῶν
1099 2321 1141 2400 είς
1157 2303 1276 2400 Κτησιψ

133 2427 285 2506 λοφῶντα
306 2420 528 2508 διεκφυγόντων
549 2422 571 2507 ή
590 2421 670 2488 κατὰ
693 2422 729 2498 τὸ
754 2419 925 2493 δασότατον
940 2428 996 2489 τοῦ
1012 2421 1125 2497 ἀλσους
1141 2421 1277 2507 ἀποκρυ-

175 2524 299 2604 βέντων.
350 2521 367 2588 5
383 2527 439 2606 μὲν
455 2517 509 2590 σόν
523 2525 667 2609 βασιλεὺς
681 2527 817 2595 ἐνίστατο
833 2533 872 2612 τῇ
886 2528 1045 2616 πολιορκίη
1060 2524 1139 2590 κατὰ
1154 2523 1187 2588 τὸ
1200 2549 1277 2610 κρα-

90 2668 93 2672 -
177 2623 282 2714 τερόν,
309 2626 338 2692 oi
355 2628 388 2694 δὲ
404 2627 609 2714 ἀπολυθέντες
622 2631 655 2700 ia
672 2636 726 2713 τῆς
739 2636 886 2717 στρατιᾶς
898 2631 940 2707 είς
957 2629 990 2696 τὸ
1008 2637 1208 2700 κατασκοπεῖν
1226 2629 1278 2696 καὶ

245 2852 264 2908 4
280 2849 315 2924 ό]
332 2851 363 2910 ἐν
380 2847 406 2928 ql
419 2855 474 2916 LP.
579 2857 613 2912 14
628 2855 798 2929 βαλλόμενος
812 2857 899 2930 rulgc.

63 3110 66 3118 ,
177 3057 250 3113 bant.
284 3057 370 3114 inbcc
379 3060 438 3114 luco
449 3065 550 3116 οοτίειο
559 3061 700 3118 insecutam
711 3079 767 3118 cum
777 3061 916 3132 exegisset,
930 3059 1052 3131 postridie
1063 3059 1115 3114 eius
1126 3057 1177 3113 diei
1189 3076 1279 3129 porro·

178 3129 218 3180 nit
234 3127 352 3184 ulterius.
386 3147 494 3198 eumque
510 3132 616 3201 propius
627 3133 658 3185 ad
671 3133 800 3185 castellum
812 3132 936 3202 quoddam
949 3131 1112 3193 accessisset,
1129 3129 1205 3181 letale
1220 3129 1279 3180 vul-

179 3213 228 3250 nus
238 3205 388 3267 accepturus
401 3208 472 3252 erat:
489 3216 546 3253 nam
557 3201 639 3256 Persa
651 3201 753 3270 quidam
766 3219 798 3254 ex
810 3220 841 3254 eo
851 3200 958 3255 castello
970 3198 1102 3269 eruptione
1113 3199 1182 3250 facta
1193 3197 1240 3249 iam
1251 3196 1278 3250 ia

178 3273 257 3335 caput
266 3265 426 3337 imperatoris
436 3268 548 3336 gladium
559 3269 694 3340 adigebat,
712 3288 769 3324 cum
780 3269 822 3322 ille
833 3271 953 3341 praeviso
963 3269 1016 3322 ictu
1031 3267 1108 3338 capiti
1119 3277 1217 3318 scutum
1230 3266 1279 3318 im-

179 3344 288 3404 poneret
307 3354 390 3408 eoque
408 3338 459 3389 vim
478 3338 545 3390 ictus
554 3339 702 3408 repelleret.
737 3346 764 3392 et
774 3340 842 3393 bunc
852 3339 953 3408 quidem
964 3336 1107 3391 circumfusi
1118 3337 1209 3390 milites
1222 3353 1279 3388 cum

180 3402 234 3457 suis
252 3405 367 3459 omnibus
387 3405 588 3469 interfecerunt,
614 3408 664 3461 nisi
680 3407 725 3478 qui
738 3409 807 3461 sorte
818 3410 880 3476 iuga
889 3425 937 3478 per
948 3407 1036 3459 hostes
1050 3405 1131 3474 elapsi
1141 3404 1172 3455 ad
1184 3405 1279 3457 castel·

180 3469 232 3526 lum
250 3488 280 3525 se
297 3474 473 3529 contulissent.
506 3475 653 3545 indignatus
663 3484 747 3530 sutem
760 3485 866 3550 propter
878 3477 960 3531 audax
971 3477 1020 3530 boc
1031 3475 1129 3528 lacinus
1142 3475 1281 3543 imperator

182 3541 315 3596 metellum
332 3543 511 3613 inspectabat,
529 3556 556 3598 et
574 3545 597 3598 si
614 3562 667 3614 qua
684 3554 760 3615 parte
772 3545 827 3616 capi
839 3555 941 3617 posset,
960 3542 1185 3597 circumambulans
1196 3543 1282 3598 consi-

182 3607 298 3662 derabat
333 3610 392 3666 dum
409 3612 469 3665 huic
485 3613 597 3668 intentus
617 3614 727 3682 estrei,
744 3632 851 3670 surenas
872 3632 917 3668 eos
935 3613 1025 3666 milites
1038 3612 1081 3682 qui
1098 3613 1238 3682 palmarum
1254 3613 1281 3668 itt

181 3677 240 3729 luco
257 3685 401 3735 manserant
418 3681 524 3735 adortus
536 3701 568 3739 ex
579 3683 732 3752 improviso,
748 3683 865 3737 iumentis
876 3691 903 3736 et
913 3683 1019 3736 sarcinis
1029 3700 1058 3734 se
1069 3682 1208 3752 potiturum
1222 3699 1282 3750 spe-

182 3748 275 3815 rabat,
291 3753 319 3799 ct
329 3749 507 3831 imperatorem
520 3751 608 3805 eadem
620 3769 713 3823 opera,
731 3761 897 3823 posteaquam
909 3752 942 3804 de
952 3753 1002 3803 boc
1012 3751 1166 3820 accepisset,
1185 3750 1283 3802 omnino

182 3817 215 3870 ab
228 3824 418 3886 oppugnatione
429 3819 528 3872 castelli
539 3831 728 3883 revocaturum.
762 3822 808 3874 scd
820 3823 884 3876 baec
894 3820 976 3876 animo
987 3834 1073 3874 secum
1092 3819 1197 3870 volvens
1212 3828 1284 3871 utro·

182 3902 235 3953 que
253 3887 392 3939 frustratus
412 3892 460 3940 est.
494 3889 633 3959 imperator
649 3897 733 3947 autem
750 3907 867 3958 magnum
878 3889 904 3942 in
916 3889 1106 3971 expugnatione
1119 3886 1218 3940 castelli
1229 3905 1285 3940 nro-

183 3962 292 4009 mentun
304 3956 426 4024 ponebat.
461 3973 519 4010 nam
531 3957 554 4010 ei
564 3959 706 4040 proximum
718 3969 773 4013 erat
783 3959 902 4032 oppidum
914 3975 955 4010 cur
967 3974 1057 4014 nomen
1069 3955 1207 4020 Besuchis,
1223 3973 1285 4014 sarie

184 4039 261 4092 quam
281 4025 447 4108 populosum,
464 4042 520 4081 cum
538 4028 595 4082 alnis
610 4027 720 4084 castellis
733 4027 865 4098 plurimis,
884 4043 990 4096 quoram
1001 4025 1114 4088 incolae,
1132 4023 1228 4078 relictis
1240 4044 1285 4078 cu-

183 4092 266 4148 stellis
281 4110 334 4147 suus
352 4094 434 4146 veluti
451 4111 502 4147 non
515 4096 579 4148 satis
590 4097 623 4150 ad
634 4096 753 4152 tuendam
770 4097 875 4152 salutem
885 4095 999 4163 idoneis,
1018 4093 1043 4146 in
1055 4092 1117 4146 illud
1129 4093 1211 4163 ipsum
1224 4112 1286 4147 con-

185 4170 334 4224 currerant,
360 4163 427 4231 quod
444 4163 478 4216 ab
495 4163 650 4234 imperatore
666 4165 848 4230 obsidebatur,
870 4162 985 4234 exeeptis
995 4161 1027 4215 iis
1038 4163 1082 4230 qul
1093 4162 1165 4214 Ctesi
1184 4163 1286 4220 hontem

186 4238 336 4297 evaserant,
359 4233 403 4284 vel
414 4235 466 4302 qda
475 4233 547 4285 lucus
558 4240 628 4286 esset
641 4233 806 4289 densissimus
817 4243 899 4288 semet
910 4231 1068 4290 abdiderant,
1103 4230 1143 4286 lais
1172 4250 1187 4284 e
1201 4232 1286 4290 causis

169 4297 323 4374 *imperator
341 4299 496 4359 obsidionem
514 4310 619 4358 suenus
638 4304 757 4376 urgebat.
797 4311 825 4359 at
835 4319 898 4358 vero
910 4301 954 4378 qul
963 4302 996 4355 de
1006 4299 1106 4374 reliquo
1121 4301 1236 4357 exercitu
1247 4303 1286 4356 di-
