3025 4892
230 273 305 344 300
639 269 917 340 numium

315 457 346 518 p·
360 443 424 504 200
438 459 468 498 v.
481 441 514 504 8.
557 457 598 498 ex
614 438 740 513 iuvene,
766 438 819 519 qui
837 433 1004 526 periculum
1026 442 1177 507 assent,
1199 432 1333 510 impes-o-

232 535 329 584 torem
344 526 375 582 io
395 541 461 583 csso
478 526 589 602 ogs-esti
603 544 620 582 s
632 523 766 582 barbaris
783 527 905 583 incensu
920 521 1049 582 flammis
1062 519 1255 596 absumptum
1270 519 1333 573 ito-

232 612 332 670 manis
347 621 533 688 compertum
546 610 615 667 fuit.
645 609 714 668 siiis
731 611 832 688 opioio
847 608 904 666 fuit
917 609 947 666 io
963 603 1078 685 proelio
1093 605 1251 664 Valentem
1263 602 1336 658 vut-

233 715 311 776 uoce¹
329 696 464 753 saucium
485 693 647 769 cecidisse,
669 693 745 754 sdeo
767 696 881 754 iucerts
901 691 960 754 tuit
983 693 1065 750 tems
1085 686 1123 748 ds
1143 690 1208 747 sius
1226 697 1336 748 sucum.

236 782 388 840 smmum
405 783 444 844 81
471 782 521 843 18.

321 882 364 943 ib.
382 903 411 940 v.
428 883 478 947 15.
520 877 580 938 huc
594 879 724 959 pes-tinet
739 877 825 938 locus
841 895 881 936 sx
895 879 1007 938 iosons
1022 871 1211 938 Antiocheno
1224 875 1257 932 in
1271 873 1337 932 Ex-

238 977 330 1048 cerpt.
345 969 445 1027 Voles.
461 987 492 1046 p.
505 963 577 1030 841.
620 966 732 1025 Ititter.

323 1090 354 1149 p.
375 1071 435 1132 901
458 1087 488 1126 v.
509 1066 538 1130 1.
581 1067 759 1146 illyricum,
783 1062 865 1145 quod
886 1061 1012 1124 dicionis
1031 1060 1213 1134 Theodosii,
1243 1059 1337 1119 Sozo-

239 1173 329 1216 meno
349 1158 370 1218 7
392 1154 411 1217 4
433 1162 523 1225 teste,
546 1152 677 1226 factum,
700 1171 741 1210 ex
759 1153 904 1210 sententie
922 1151 1112 1211 Tlllsmontii
1134 1149 1178 1227 (t.
1195 1145 1214 1209 5
1230 1167 1261 1228 Ρ.
1276 1147 1338 1208 716

238 1251 302 1300 not.
322 1235 377 1318 14)
399 1258 461 1296 non
478 1258 583 1310 omne,
605 1235 660 1296 sed
676 1256 746 1320 pars
762 1234 853 1298 modo
872 1237 936 1298 eius
951 1237 1102 1298 orientalis
1117 1233 1172 1292 sub
1192 1233 1239 1292 ius
1256 1229 1340 1292 ludi·

239 1327 380 1405 ciumque
395 1321 563 1382 Theodosii
579 1325 730 1382 successit.

1275 1431 1292 1462 l

117 1517 121 1525 '
239 1527 281 1590 x.
322 1523 566 1601 cosmum,
600 1525 919 1586 vsmuumssuus
940 1527 968 1584 u
1001 1523 1057 1588 su
1090 1471 1341 1586 suuooosms

209 1654 213 1665 ·
629 1624 674 1708 (1.
696 1625 716 1690 4
739 1648 765 1686 ο.
788 1625 958 1705 25ψῦ9).

327 1763 457 1842 Esssopii
472 1772 541 1820 suut
555 1779 633 1841 quse
648 1759 697 1821 his
711 1764 859 1842 capitibus
875 1757 1185 1841 comprehenduntur,
1207 1781 1225 1820 s
1238 1759 1342 1818 ceteris

244 1849 437 1928 scriptoribus
449 1848 558 1925 purtim
571 1849 692 1922 omisso,
708 1851 818 1926 purtim
833 1849 1034 1928 negligentius
1047 1857 1077 1908 et
1092 1849 1222 1906 strictius
1235 1847 1342 1925 posite,

245 1953 263 1990 s
292 1935 461 2010 suspicione
491 1941 592 1992 tomen
621 1934 863 1994 oslmuuistionis
886 1937 918 1994 in
943 1936 1137 2013 imperatores
1159 1929 1342 1991 Christianos

243 2015 328 2075 houd
342 2025 445 2074 vacuo.
488 2019 658 2092 Ammiani,
681 2021 734 2098 qui
746 2017 787 2077 sd
799 2015 966 2079 Theodosii
984 2021 1068 2076 initis
1085 2018 1232 2091 substitit,
1254 2017 1344 2074 suxi-

245 2103 287 2161 lio
304 2112 334 2159 et
350 2102 434 2179 copia
449 2099 612 2163 carendum
626 2104 712 2162 nobis
731 2112 794 2177 ειη
817 2124 858 2166 ex
875 2107 912 2164 iis
930 2113 1030 2166 sutem
1046 2105 1098 2182 qui
1114 2105 1186 2162 novi
1201 2099 1346 2160 accedunt

246 2190 422 2265 scriptores,
443 2185 546 2244 uultus
563 2197 624 2260 est,
647 2189 700 2266 qui
717 2191 842 2247 virtutes
858 2191 1012 2252 Ammiani
1029 2197 1187 2269 exaequet.
1230 2188 1345 2246 utilite-

248 2283 311 2330 tem
331 2280 432 2328 tomen
450 2266 579 2329 efferunt
593 2268 631 2328 sd
647 2275 803 2334 zosimum
819 2271 1031 2338 illustrandum
1046 2271 1234 2332 Themistius
1253 2273 1345 2330 Libu-

246 2359 317 2416 uius
334 2365 365 2412 et
379 2357 506 2412 Pacatus
521 2357 601 2413 iuter
616 2355 750 2418 chetoses
766 2369 796 2416 et
811 2357 977 2438 sophistes,
1000 2379 1087 2440 porro
1107 2356 1345 2438 chrysostomus,

246 2441 434 2512 Ambrosius,
448 2450 514 2497 tum
527 2439 709 2501 Claudianus
724 2443 868 2529 Synesius
883 2455 912 2504 et
925 2440 1135 2530 Symmachus,
1153 2445 1261 2525 quibus
1273 2440 1348 2500 fides

248 2523 341 2588 modo
355 2525 483 2584 stabiliri
497 2523 588 2586 modo
601 2527 776 2590 labefactari
790 2540 899 2609 potest.

334 2645 367 2704 p·
377 2631 438 2692 201
454 2648 484 2686 v.
497 2625 529 2690 4.
573 2648 612 2688 ex
624 2630 739 2705 morbo,
751 2649 812 2710 quo
827 2634 858 2694 tn
874 2630 932 2694 huo
945 2629 1018 2691 urbs
1031 2629 1252 2711 implicabatur,
1266 2643 1350 2688 mors

250 2711 370 2776 iniectu.
413 2713 571 2778 Sosus-7
592 2712 623 2777 4.
666 2715 781 2774 Socrst.
802 2717 821 2782 5
843 2721 874 2780 6.

336 2813 377 2872 s'b.
401 2834 432 2873 v.
452 2814 484 2879 5.
525 2817 605 2874 tutes
632 2817 748 2895 legatos
772 2819 926 2878 civitatum
948 2815 988 2876 sd
1010 2819 1222 2896 impecstorem
1243 2815 1351 2873 missos

251 2896 440 2960 Thesnistius
463 2901 537 2975 tuit,
566 2904 615 2962 cui
635 2921 700 2964 rem
718 2921 806 2962 susm
829 2904 898 2962 urbs
920 2904 1020 2982 Cpoiis
1043 2900 1247 2960 mandes-esst.
1288 2897 1351 2958 vid.

253 2996 329 3044 orat.
343 2981 507 3044 Themistii
524 2989 572 3049 10.
616 2987 655 3044 cf.
669 2984 794 3048 Godofr.
810 2986 848 3044 ud
863 2989 885 3050 l.
900 2993 920 3052 7
937 3009 963 3048 c.
980 2986 1041 3049 Th.
1058 2987 1095 3046 ds
1110 2989 1228 3066 legetis.

337 3067 380 3132 ib.
395 3089 425 3126 v.
441 3071 489 3133 15.
533 3089 610 3151 quse
633 3071 722 3130 nchts
743 3071 782 3131 de
804 3071 862 3130 hoc
880 3073 961 3133 bello
983 3083 1013 3131 et
1034 3084 1117 3151 pects
1131 3068 1353 3150 perhicdsrem

254 3153 379 3212 victoris
406 3157 616 3231 innotuerunt,
645 3176 680 3216 ss
708 3157 773 3216 fere
799 3157 925 3218 redeunt
952 3157 992 3216 ud
1011 3160 1124 3216 Zosimi
1143 3158 1242 3216 locum
1262 3153 1352 3214 hunc.

255 3241 473 3300 Tittemcntius
495 3259 513 3297 s
534 3241 657 3301 Mcdsrc
678 3239 719 3303 sd
736 3240 945 3308 Theodosium
964 3245 1105 3306 victoriae
1126 3243 1210 3304 illius
1229 3241 1354 3320 gloriam

257 3325 417 3384 transferre
433 3322 543 3384 studet.

343 3427 374 3486 p·
388 3412 450 3471 202
466 3429 495 3466 v.
510 3412 559 3472 18.
602 3409 767 3470 secuudum
780 3413 977 3476 'Ammlsuom
999 3411 1049 3494 (31
1077 3411 1149 3491 16),
1171 3410 1252 3492 opud
1265 3427 1355 3490 quem

259 3489 429 3551 Gothorum
449 3495 481 3550 iu
503 3495 574 3552 Asis
597 3515 652 3572 per
676 3498 788 3559 lulium
811 3517 965 3557 cscsorum
989 3501 1102 3560 mentio
1130 3499 1182 3572 fit,
1219 3497 1356 3576 quamvis

260 3581 450 3651 summatim,
473 3589 608 3638 accurate
622 3591 723 3639 tomen
740 3594 769 3640 ct
786 3603 840 3644 suo
855 3584 920 3643 looo
937 3585 1033 3657 isots,
1056 3583 1176 3645 bochet-l
1191 3601 1252 3642 uou
1269 3581 1356 3658 louge

260 3673 328 3747 post
350 3665 484 3722 Veientis
505 3683 622 3738 casum,
648 3665 702 3724 sed
722 3667 823 3727 medio
845 3681 979 3747 tempore
998 3672 1077 3730 luter
1095 3671 1160 3730 eius
1181 3677 1308 3726 mortem
1328 3675 1358 3722 et

261 3747 428 3808 Theodosii
454 3751 613 3828 imperium
640 3765 812 3832 susceptum
837 3753 877 3812 sd
907 3756 1142 3814 internecionem
1174 3751 1264 3810 deleti
1290 3759 1357 3810 suut

263 3833 277 3910 (
285 3835 322 3891 cf.
336 3836 511 3892 T'iltemout.
523 3844 546 3894 t.
559 3836 579 3898 5
593 3855 624 3915 p.
637 3836 700 3902 714
713 3849 776 3902 not.
792 3837 860 3917 11).
903 3841 1004 3920 itsqus
1018 3835 1190 3898 Theodosio
1205 3857 1270 3894 sem
1279 3855 1358 3892 uun·

261 3921 337 3976 tisre
351 3921 444 3978 tulius
458 3939 519 3977 nou
530 3925 637 4000 potuit,
656 3921 940 4004 quemadmodum
954 3925 1076 3987 zosimo
1091 3923 1134 4003 (p.
1143 3925 1205 3988 208
1230 3925 1268 3986 16
1277 3915 1358 4001 sqq·)

263 4009 426 4065 memoriae
440 4003 597 4084 proditum
607 4017 662 4065 est.
1253 4047 1257 4058 ·

348 4107 379 4164 p·
392 4095 454 4152 203
473 4110 501 4149 v.
516 4090 546 4154 5.
590 4093 744 4171 Magister
753 4091 882 4152 rudinus
894 4094 931 4152 ob
945 4095 1105 4154 Ammiano
1119 4102 1253 4151 vocetur.

348 4190 379 4249 P·
394 4174 455 4237 904
470 4195 500 4232 V·
514 4179 545 4239 8.
587 4179 785 4242 Ammianus:
806 4179 886 4242 datus
905 4178 1075 4250 tectiorthus
1093 4177 1187 4240 usco
1204 4177 1249 4238 ud
1261 4193 1361 4238 eorum

263 4266 389 4316 rectores
405 4258 559 4318 Romanos
572 4281 680 4322 omnes.
