3025 4892
570 284 649 351 LIB.
671 289 692 352 2
717 285 803 352 GAP.
829 282 882 351 44.
903 282 957 350 45.
1238 285 1309 358 111

210 481 263 535 τος
280 454 415 544 ἀδελφόν
430 451 635 544 ὁμοπάτριον,
660 458 808 545 Καίσαρα
821 460 1005 543 καθίστησι,
1031 459 1081 524 καί
1095 459 1312 526 Κωνσταντιάν

211 563 297 650 αὐτῷ
318 559 525 647 κατεγγυήσας
545 562 601 645 τὴν
621 560 776 650 ἀδελφήν,
797 562 855 628 εέτε
870 573 935 640 τοῖς
949 567 1082 650 Περσῶν
1096 565 1239 646 πολέμοις
1256 565 1311 630 ἀν-

210 663 441 750 τιστησόμενον,
464 666 540 746 εἴτε,
565 664 641 754 δπερ
664 658 702 751 ἦν
724 667 857 751 ἀληθές,
879 664 1035 755 πρόφασιν
1051 673 1107 752 τῆς
1123 669 1219 734 odiosi
1231 676 1310 750 βου-

211 767 338 852 λόμενος
361 766 458 855 εὗρεῒν
480 770 680 857 ἀναιρέσεως·
716 768 806 853 μόνοι
835 770 894 858 γάρ
920 770 1027 854 έτυχον
1048 769 1141 849 αάτός
1164 799 1196 838 τε
1216 770 1308 838 καλό

185 874 344 961 adestote
359 876 393 940 έκ
408 880 465 940 τοῦ
479 876 694 940 Κωνσταντίου
710 875 816 960 γένους
834 878 1095 964 περιλειφθέντες,
1125 881 1187 941 τῶν
1207 875 1309 942 ἀλλων

208 977 286 1064 πρὸς
307 978 404 1044 αὐτοῦ
422 976 545 1044 πάντων
565 978 778 1066 ἀνῃρημένων,
804 975 847 1057 ὥς
867 978 1064 1063 διεξήλθομεν
1087 977 1157 1064 ἤδη.
1208 977 1308 1068 τούτῳ

207 1083 264 1164 μέν
278 1074 381 1147 οὖντὸ
396 1089 453 1148 τοῦ
468 1085 629 1170 Καίσαρος
645 1085 799 1167 ίπιτίθησι
814 1089 934 1166 σχῆμα,
959 1087 1178 1171 Λουκιλλιανῷ
1200 1084 1234 1148 δέ
1255 1084 1308 1149 τὸν

206 1185 285 1272 πρὸς
303 1187 433 1274 Πέρσας
453 1187 619 1273 έπιτρέψας
641 1186 774 1270 πόλεμον
798 1187 891 1264 αὐτὸς
912 1189 960 1252 tut
982 1188 1175 1273 Μαγνέντιον
1190 1185 1307 1274 ε’χιόρει,

207 1293 258 1354 καί
275 1291 314 1354 τὰ
330 1293 540 1376 Βετρανίωνος
553 1289 745 1379 στρατόπεδα
765 1303 828 1368 τοῖς
844 1283 930 1357 odota
947 1292 1031 1380 αὐτῷ
1044 1289 1307 1378 συμπαραλαβών.

167 1404 201 1458 10
208 1397 258 1458 καί
271 1396 464 1479 Μαγνέντιος
477 1396 511 1460 δέ
524 1398 639 1478 μείζοσι
651 1405 858 1482 παρασκευαῖς
872 1389 1008 1480 ἔγνωκάς
1023 1397 1193 1478 ἀπαντῆσαι
1205 1445 1214 1474 ,
1241 1396 1306 1460 Δε-

205 1498 321 1563 κέντιον
333 1500 409 1582 γένει
420 1497 646 1581 συναπτόμενον
658 1501 707 1564 tut
719 1505 843 1586 φυλακῇ
855 1505 916 1564 τῶν
927 1496 1002 1586 sindo
1017 1499 1195 1575 τάςἌλπεις
1207 1502 1307 1564 ἐθνῶν

205 1600 399 1667 ἀναδείκνυσι
416 1604 574 1688 Καίσαρα.
624 1609 686 1667 τῶν
708 1603 742 1667 δέ
764 1603 976 1688 στρατοπέδων
997 1603 1029 1666 έν
1045 1604 1210 1679 Παιονίαις
1233 1627 1306 1667 συν-

205 1702 386 1791 δραμόντων
408 1709 460 1769 καί
485 1709 552 1791 περὶ
576 1707 733 1791 Μοῦρσαν
755 1703 843 1770 πόλιν
867 1703 1006 1788 ἀλλήλων
1026 1705 1114 1790 έγγδς
1130 1705 1305 1789 γενομένων,

205 1809 238 1872 έν
262 1818 328 1884 τοῖς
351 1811 420 1894 περί
444 1808 485 1873 τά
500 1809 636 1894 Ἅδρανα
660 1810 785 1891 τέμπεσι
810 1810 944 1886 καθίσας
969 1805 985 1872 ὁ
1007 1809 1199 1894 Μαγνέντιος
1214 1806 1306 1891 λόχον

166 1917 198 1974 15
206 1912 363 1994 ἐπιπέμπει
388 1913 458 1976 τινὰ
475 1925 542 1989 ’τοῖς
566 1914 781 1978 Κωνσταντίου
804 1923 983 1999 στρατηγοῖς
1000 1912 1141 1997 ἀγγελυν,
1167 1911 1223 1994 τὴν
1248 1937 1306 1975 πο-

205 2017 289 2100 ρείαν
304 2014 568 2099 ἀναβαλλόμενον,
594 2013 678 2092 ὅπως
695 2015 732 2081 ἀν
746 2019 874 2082 Σισκίαν
888 2015 918 2080 σί
930 2018 1059 2083 ἐναντίοι
1074 2013 1306 2098 καταλάβωσιν·

204 2121 237 2182 έν
260 2116 357 2204 ταύτῃ
382 2120 441 2206 γὰρ
462 2117 571 2198 αὐτόν,
607 2115 648 2198 ὥς
673 2121 907 2203 ἀναπεπταμένα
929 2123 1018 2185 πεδιά
1041 2117 1170 2206 έχοόσῃ,
1203 2116 1307 2202 μάχην

204 2220 364 2305 συνάψειν.
413 2230 512 2289 ταῦτα
535 2220 750 2301 Κωνστάντιος
772 2222 924 2303 ἀκούσας,
951 2227 1002 2290 καὶ
1018 2223 1184 2310 περιχαρὴς
1196 2229 1234 2308 τῇ
1249 2223 1306 2308 ἀγ·

105 2325 109 2328 *
203 2328 288 2416 γελίιγ
313 2323 486 2412 γενόμενος,
522 2331 549 2392 ελ
574 2329 681 2411 μέλλοι
701 2334 740 2414 τῇ
756 2330 842 2416 ἵππῳ
868 2334 1052 2394 πλεονεκτῶν
1071 2330 1103 2391 ἐν
1126 2327 1305 2408 ίππασίμοις

161 2428 385 2513 λθπολεμήσειν
404 2435 546 2516 χωρίοις,
582 2433 776 2516 έξανέστησεν
799 2429 842 2508 ὡς
864 2433 913 2496 tut
937 2432 1065 2498 Σισκίαν
1088 2429 1140 2496 τὸν
1163 2427 1306 2516 στρατόν.

203 2540 344 2619 προὶοῠσι
361 2535 395 2598 δέ
411 2534 514 2611 αὐτοῖς
528 2532 671 2612 ἀνόπλοις
686 2537 737 2600 καί
753 2533 952 2612 ἀσυντάκτοις
983 2535 1077 2622 (οὐδὲ
1099 2533 1158 2622 γάρ
1180 2531 1305 2617 ἤλπιζόν

202 2661 233 2701 τι
248 2643 310 2705 τιόν
322 2638 493 2721 έσομένων)
518 2634 707 2714 ἐπιπεσόντες
724 2638 753 2702 οἳ
769 2638 848 2704 κατὰ
861 2641 983 2725 ἐνέδραν
1000 2649 1064 2715 τοῖς
1079 2639 1205 2720 τέμπεσι
1220 2643 1304 2703 καθ-

204 2742 322 2817 ίσαντες
342 2739 446 2822 λόχοι,
473 2744 524 2805 καὶ
545 2743 647 2818 λίθοις
665 2739 803 2818 ἅπαντας
815 2738 858 2819 ὡς
873 2745 964 2807 είπεῖν
975 2738 1222 2824 καταχώσαντες,
1248 2747 1305 2825 τῆς

272 2921 288 2974 1
303 2917 438 2970 Ammiano
455 2919 636 2975 constentino.
707 2917 723 2973 5
744 2915 954 2972 Κονστιιντείου
971 2917 1002 2972 Ρ.
1074 2917 1106 2972 15
1124 2917 1187 2973 τινὰ
1205 2919 1255 2973 add
1272 2921 1302 2978 Ρ.

272 2990 305 3042 16
323 2983 375 3056 ἀν]
394 2983 430 3040 ἀν
447 2989 487 3050 εἰς
502 2989 570 3043 libri.
656 2991 690 3046 19
708 2984 739 3042 ἐν
755 3005 797 3043 om
813 2989 846 3045 P.
932 2991 968 3045 22
986 2983 1099 3058 ἔνεδραν
1114 2988 1147 3043 Ρ.
1232 3006 1304 3059 προ-

269 3058 438 3120 addicente
452 3059 484 3112 Ρ.

201 3227 292 3264 sorore
312 3211 466 3266 Constantia
483 3210 626 3279 desponsa,
642 3210 698 3263 sire
714 3219 744 3263 ut
756 3210 845 3266 Parsis
861 3210 1009 3280 resisteret,
1034 3210 1104 3275 sive,
1128 3211 1197 3280 qnod
1215 3229 1303 3266 rmum

202 3288 275 3346 erat,
291 3289 322 3333 ut
331 3283 488 3335 occasionem
500 3280 556 3332 eius
565 3281 732 3334 interficiendi
743 3282 889 3352 reperiretz
909 3297 966 3333 nam
977 3281 1046 3334 solus
1058 3281 1100 3332 hie
1111 3297 1166 3332 cum
1180 3283 1260 3334 fratre
1271 3281 1304 3334 de

203 3349 365 3402 Constantini
381 3368 478 3419 genere
493 3353 648 3419 superabat,
664 3350 722 3403 aliis
743 3353 858 3404 omnibus
870 3349 920 3404 iam
932 3351 997 3402 adeo
1010 3349 1125 3412 necatis,
1143 3350 1180 3402 uti
1192 3365 1303 3403 comme-

201 3419 363 3473 moravimus.
398 3423 446 3472 hoc
462 3421 540 3486 igitur
557 3421 627 3470 cultu
643 3419 763 3473 Caesaris
779 3427 884 3485 ansata,
901 3427 929 3472 et
939 3419 1078 3472 Lucilliano
1090 3419 1222 3472 commisso
1234 3420 1302 3472 bello

201 3487 325 3557 Persico,
352 3497 442 3542 contra
462 3489 637 3557 Magnentium
657 3488 714 3558 ipse
728 3491 867 3558 pergebat,
887 3489 1050 3542 Vetranionis
1063 3489 1095 3540 ad
1109 3506 1168 3541 suas
1179 3489 1303 3542 adiunctis

201 3557 291 3626 copiis.
326 3557 490 3626 Magnentius
499 3576 602 3626 quoque
614 3559 703 3611 maiori
713 3567 841 3627 apparatu
852 3559 1037 3612 occurrendum
1049 3564 1134 3624 ratus,
1153 3557 1303 3610 Decentium

200 3626 470 3696 propinquantium,
486 3637 516 3678 ut.
529 3627 658 3696 praesidio
673 3628 837 3698 transalpinis
849 3628 992 3682 rationibus
1003 3633 1086 3695 esset,
1105 3629 1243 3680 Caesarem
1254 3629 1301 3678 de-

199 3695 290 3748 clarat.
325 3703 491 3765 posteaquam
507 3697 636 3750 exereitus
646 3698 671 3749 in
681 3698 820 3750 Pannoniis
836 3698 1034 3762 convenissent,
1052 3705 1080 3749 et
1098 3695 1169 3748 iuxta
1188 3697 1301 3749 Mursum

199 3764 321 3833 oppidum
332 3765 364 3816 ad
376 3782 405 3816 se
415 3765 441 3816 in
453 3765 534 3818 vicem
546 3767 650 3836 propius
662 3766 842 3831 accessissent,
862 3764 1024 3831 Magnentius
1035 3765 1068 3816 ad
1080 3781 1124 3818 eas
1136 3767 1223 3818 fauces
1234 3782 1301 3834 quaes

199 3835 311 3886 Adrania
330 3834 447 3886 adiacent
466 3834 599 3888 collocatis
614 3834 711 3887 insidiis
728 3837 761 3887 ad
779 3835 921 3888 Constantii
934 3835 1012 3887 ducas
1022 3835 1136 3886 nuntium
1149 3833 1239 3898 mittit,
1256 3833 1301 3902 qui

200 3903 256 3954 eius
266 3903 350 3956 itineri
360 3919 457 3955 moram
468 3902 592 3966 iniiceret,
609 3911 639 3956 ut
649 3905 738 3956 hostes
749 3904 858 3958 Sisciam
869 3903 959 3958 venire
971 3910 1091 3972 possent;
1109 3919 1159 3971 quo
1172 3903 1229 3953 loco
1241 3901 1300 3953 Ma-

199 3973 331 4038 gnentium
349 3971 440 4040 proelii
459 3972 557 4040 copiam
575 3974 702 4025 facturum
717 3973 819 4042 aiebat,
836 3980 865 4026 ut
876 3973 921 4042 qui
933 3978 1052 4041 patentes
1069 3987 1172 4041 conspos
1186 3971 1301 4024 haberet.

199 4040 240 4092 hia
249 4041 342 4094 auditis
354 4041 536 4104 Constantius,
552 4058 636 4111 eoque
646 4043 735 4095 nuntio
746 4060 796 4096 non
808 4041 969 4095 mediocriter
980 4041 1102 4104 laetat-us,
1119 4039 1187 4110 quod
1201 4039 1300 4092 idoneis

199 4111 322 4178 equitatui
341 4112 406 4164 locis
425 4110 588 4163 dimicaturus
604 4119 688 4177 asset,
706 4110 751 4180 qui
769 4111 848 4180 copiis
860 4110 1025 4180 equestribus
1043 4110 1140 4162 hostem
1153 4117 1299 4178 superarat,

199 4188 285 4232 «asom
294 4180 405 4233 Sisciam
415 4196 506 4232 tersus
516 4187 611 4234 movet.
645 4181 672 4234 in
683 4180 738 4234 eius
749 4181 852 4244 milites,
871 4180 915 4250 qui
927 4188 954 4232 et
964 4179 1073 4232 inermes
1084 4184 1112 4230 et
1121 4179 1196 4232 nuliis
1206 4197 1300 4232 sarva-

198 4248 234 4302 tia
253 4249 385 4303 ordinibus
404 4249 567 4314 incederent,
586 4267 634 4303 nee
644 4250 671 4302 id
682 4256 836 4304 vererentur
846 4249 916 4319 quod
926 4250 1040 4302 futurum
1051 4255 1123 4313 erat,
1141 4265 1197 4302 cum
1208 4247 1300 4302 irruis-

198 4324 258 4372 sent
266 4335 314 4373 eaa
325 4321 445 4374 cohortes
456 4335 523 4389 quae
533 4319 681 4375 insidiarum
691 4336 770 4376 eausa
781 4321 869 4375 saunas
878 4319 1040 4390 insederant,
1058 4335 1146 4373 omues
1163 4335 1245 4389 prope
1259 4319 1299 4372 la·
