3025 4892
606 361 854 441 emanatio,
1240 372 1281 429 11

182 546 351 623 clarianus,
372 565 464 628 quem
482 563 562 606 novo
582 557 686 627 postea
705 543 805 608 studio
827 543 1006 627 Sylhurgius
1026 546 1169 620 contullt3
1192 541 1281 628 quod·
1290 567 1318 620 p.
1338 563 1391 601 aru

182 649 333 732 quomodo
352 649 416 708 fieri
435 653 594 730 potuisset,
616 651 643 708 sl
661 649 812 728 profectus
827 667 867 706 ex
883 647 991 707 eodem
1005 649 1088 708 fonte
1102 650 1179 708 liber
1191 661 1281 710 uter-⁸

181 773 242 834 que
255 751 338 812 erati
382 771 434 810 our
450 750 636 832 Stephanus,
660 749 697 810 de
713 751 907 824 lectionibus,
929 767 1004 830 quas
1020 749 1156 830 indigere
1169 773 1275 811 ernen-

182 854 303 914 datione
328 856 528 930 existimarat,
559 853 599 913 ad
621 855 790 932 marginem
810 849 988 919 annotandis
1011 853 1171 929 sollicitus,
1193 853 1281 914 idem·

183 957 258 1018 adeo
274 969 387 1016 temere
401 958 433 1015 iu
447 967 590 1024 contextu
607 955 814 1015 constituendo
829 967 963 1022 remotus
981 965 1042 1029 est,
1064 965 1097 1013 ut
1109 975 1149 1013 ne
1162 958 1285 1018 mouito'

183 1059 307 1140 quidem
329 1062 438 1118 lectore
455 1061 538 1135 loca,
559 1058 592 1122 in
613 1059 722 1139 quibus
743 1077 824 1126 nuno
837 1055 948 1127 codicis
964 1057 1163 1138 discrepantia
1177 1069 1281 1117 notata

183 1173 244 1238 est,
266 1163 439 1234 sollicitaret
453 1173 484 1221 et
495 1161 586 1222 verba
600 1179 677 1223 nora
688 1162 727 1220 iis
740 1159 885 1230 inferretl
928 1183 981 1220 our
993 1160 1117 1220 tandem
1129 1161 1281 1218 Leanola·

182 1266 250 1324 rius
266 1276 316 1322 aut
331 1265 525 1344 Sylburgius,
547 1265 687 1346 querelae
705 1265 926 1342 opportunitate
941 1267 974 1332 in
987 1262 1118 1329 secanda
1131 1265 1280 1324 versionis

184 1365 316 1430 editione
333 1366 411 1442 data,
435 1366 472 1426 de
487 1365 633 1447 Stephani
646 1377 697 1424 aut
710 1367 791 1428 mala
804 1364 864 1424 lide
878 1377 931 1428 aut
942 1367 1145 1424 illiberalitate
1156 1386 1195 1424 ne
1208 1384 1280 1424 rer·

183 1470 257 1528 bum
281 1469 405 1551 quidem
431 1467 551 1545 dixere,
581 1487 678 1550 neque
696 1485 779 1544 rem,
801 1486 893 1550 quem
911 1487 1000 1548 aegre
1019 1469 1098 1532 lette
1119 1465 1277 1542 debebant,

184 1573 292 1630 saltem
303 1573 428 1630 obscure
439 1569 665 1649 signlliceruuti
706 1569 755 1630 his
770 1575 953 1650 argumentis
966 1575 1022 1632 etsi
1032 1591 1130 1652 neque
1144 1571 1279 1649 opinioni

183 1675 322 1752 vulgatae
346 1674 570 1736 firmamentum
584 1692 676 1740 omne
695 1671 860 1742 deuectum
874 1693 974 1754 usque
986 1672 1204 1752 Stephanum‘e
1220 1674 1280 1729 cris

181 1757 348 1843 minatione
363 1777 484 1838 omuino
499 1775 661 1843 liberatura
673 1775 893 1854 intelligamus,
915 1776 1048 1854 aliquam
1059 1786 1161 1831 tamen
1179 1791 1215 1831 aa
1230 1773 1279 1831 rie

183 1875 294 1936 dentur
304 1875 416 1934 habere
426 1878 489 1943 rim
504 1874 543 1934 ad
554 1874 698 1936 iudicium
713 1888 849 1946 nostnnn
863 1874 1072 1946 inhibendam.

268 1979 386 2036 Novem
401 1981 487 2038 anuis
502 1989 697 2059 posteaquem
711 1978 882 2060 Stephanus
895 1977 932 2037 de
946 1981 1068 2037 Zosimo
1083 1979 1196 2038 Graece
1207 1977 1280 2036 vnl-
1307 1986 1311 1997 '
1358 2059 1360 2064 .

185 2077 284 2161 gando
307 2081 385 2142 bane
405 2089 568 2155 meruerat,
590 2099 668 2147 nora
687 2085 751 2144 eius
772 2084 882 2161 integri
898 2092 932 2140 et
952 2082 1082 2150 absoluti
1102 2099 1144 2139 ex
1161 2077 1277 2143 duobus

186 2182 339 2250 codicibus
357 2185 578 2254 Leunclariano
600 2194 630 2242 et
648 2185 785 2251 Palatino
801 2193 905 2264 parata
919 2194 964 2242 est
977 2201 995 2241 a
1009 2181 1169 2262 Sylburgio
1184 2180 1278 2244 editio

107 2287 109 2290 ’
187 2285 242 2366 (in
256 2295 337 2344 tomo
351 2290 371 2350 3
386 2287 523 2365 Corporis
536 2287 721 2364 Scriptorum
732 2289 881 2356 Historiae
892 2289 1044 2348 Romanae
1060 2270 1178 2365 1690),
1200 2305 1278 2366 quae

185 2397 395 2474 praeterquam
421 2385 502 2468 quod
523 2387 614 2448 libros
637 2391 815 2466 posteriores
840 2391 973 2468 primum
993 2385 1118 2446 exhibet
1133 2400 1163 2446 et
1176 2390 1280 2446 Leun-

187 2491 276 2560 alarii
292 2501 359 2562 tum
373 2493 543 2570 apologiam
556 2501 622 2548 tum
641 2491 812 2560 versionem
831 2490 1066 2560 emendatiorem
1085 2495 1209 2571 repetit,
1230 2488 1283 2553 hia

187 2597 277 2664 etiam
297 2613 368 2674 prae
389 2593 589 2672 superioribus
608 2589 788 2664 editionibus
808 2596 958 2653 eminebat
978 2597 1175 2670 ornamentis,
1197 2592 1281 2674 quod

188 2693 362 2758 contextum
381 2693 510 2765 habebat
530 2692 670 2754 subsidiis
692 2694 821 2758 duorum
842 2695 979 2763 codicum
998 2709 1029 2755 et
1049 2701 1170 2776 ingenio
1187 2699 1282 2756 critici
1331 2686 1342 2704 ’

186 2795 318 2856 hominis
328 2801 536 2872 consumtum,
559 2807 589 2856 et
600 2805 686 2862 notas
701 2801 794 2868 critici
807 2801 971 2879 plurimum
985 2802 1103 2881 generis
1116 2803 1227 2880 partim
1242 2799 1282 2858 ad

188 2901 302 2960 calcem
315 2901 427 2979 positas
438 2901 546 2978 partim
562 2918 616 2977 per
631 2897 745 2970 iudices
765 2899 925 2980 dispersas.
966 2903 1000 2965 in,
1018 2899 1067 2960 his
1083 2903 1163 2960 uotis
1181 2904 1282 2959 variae

187 3005 331 3062 lectiones
355 3000 514 3080 diligenter
534 3021 550 3058 e
572 2998 722 3062 codicibus
745 3013 897 3079 enotatae,
920 3013 951 3062 et
970 3005 1145 3066 Leuuclarii
1161 3024 1196 3062 ao
1212 3006 1283 3064 Ste-

187 3104 281 3186 phani
297 3103 568 3168 animadversiones
585 3104 739 3185 Sylburgii
753 3110 833 3167 notis
847 3117 950 3167 auctae
964 3110 1160 3186 reperiuntur.

233 3224 234 3234 ¹
273 3211 464 3287 Exceperunt
481 3207 713 3300 Splburgiauam
730 3207 908 3286 editionem,
933 3229 1010 3291 quae
1024 3221 1054 3269 et
1067 3213 1164 3290 prima
1179 3221 1209 3280 et
1220 3230 1281 3269 uua

189 3311 288 3372 adhuc
305 3323 349 3377 est
363 3311 402 3370 ad
416 3315 545 3372 rationes
561 3316 675 3372 criticas
691 3325 877 3392 comparata,
900 3313 977 3373 duae
998 3315 1092 3390 eliae,
1114 3313 1281 3373 cellariana

189 3419 303 3476 scilicet
319 3427 348 3474 et
364 3417 559 3489 oxoniensis,
582 3433 673 3495 quae,
698 3435 767 3474 oum
783 3413 945 3485 editoribus
958 3419 1076 3476 nullum
1090 3420 1181 3477 fuerit
1196 3439 1214 3476 a
1229 3438 1281 3476 co-

191 3517 306 3578 dicibus
325 3517 488 3592 aemilium,
510 3518 636 3595 resugie
657 3517 857 3597 Sylburgiana
876 3531 1016 3598 premunt
1037 3531 1067 3579 et
1087 3541 1105 3578 a
1127 3541 1160 3581 re
1180 3523 1281 3580 critica
1295 3543 1324 3596 p.
1342 3539 1374 3577 rx

190 3623 291 3680 miuus
311 3639 403 3702 quam
426 3620 463 3677 ab
483 3637 540 3677 usu
560 3619 777 3696 commodiore,
799 3642 891 3702 quem
910 3623 1078 3700 legentibus
1096 3625 1193 3683 forma
1211 3627 1281 3684 libri
1311 3657 1317 3669 .

188 3727 288 3784 minor
308 3734 338 3783 et
359 3725 454 3804 aptior
473 3721 574 3797 affert,
598 3722 888 3784 commendationem
911 3723 1033 3792 habent.
1081 3728 1285 3806 Christophori

195 3829 319 3888 cellarii
335 3826 382 3888 his
403 3827 525 3904 vulgata
544 3823 635 3884 editio
657 3825 1026 3905 (Oieae1679et1713,
1049 3829 1090 3908 8)
1110 3851 1172 3890 non
1191 3829 1282 3888 modo

190 3933 324 4010 capitum
346 3941 376 3988 et
391 3925 645 4011 paragraphorum
664 3927 863 3990 distinctione.
876 3941 906 3989 et
927 3931 1067 3993 indiculis
1086 3929 1227 3991 historico
1248 3951 1283 3991 ac

189 4035 358 4112 graecitatis
372 4033 528 4094 Zosimeae
542 4031 581 4092 ad
597 4051 686 4092 usum
699 4035 798 4114 potior
810 4045 869 4110 est,
891 4033 945 4094 sed
958 4044 1089 4114 praestat
1101 4036 1192 4091 etiam
1205 4038 1283 4096 notis

190 4135 313 4196 editoris
328 4146 357 4194 et
374 4137 540 4212 rariorum,
561 4135 600 4194 ad
618 4133 774 4196 historiam
786 4139 921 4195 maxime
938 4134 1146 4198 illustrandam
1159 4157 1283 4218 compo-

190 4241 280 4298 sitis.¹
311 4249 442 4297 ceterum
465 4238 593 4317 plurima
618 4261 635 4300 e
657 4240 857 4319 Sylburgiano
879 4260 960 4318 penu
982 4249 1118 4317 sumpta,
1134 4243 1179 4298 ¹in
1201 4243 1285 4299 libris

191 4339 321 4424 quidem·
335 4339 452 4402 duobus
470 4343 617 4420 prioribus
639 4343 769 4407 breviter
790 4343 953 4421 exscripta,
975 4344 1007 4402 in
1027 4344 1149 4426 reliquis
1168 4345 1283 4423 integra
