3025 4892
249 270 328 344 412
499 349 503 356 ,
667 267 944 340 REITEMEIERI

252 435 291 498 de
298 457 400 498 rerum
408 435 505 498 causis
514 437 612 518 iisque
622 456 699 518 quae
709 435 781 497 inde
795 447 967 518 sequantur,
982 455 1017 496 ac
1031 431 1068 496 de
1080 433 1240 496 virtutibus
1255 436 1355 496 vitiis-

251 543 312 606 que
327 527 541 602 imperatorrnn
559 525 708 604 rebusque
722 525 942 603 praefectorum
954 523 1093 582 civilibus
1109 534 1160 581 aut
1174 523 1356 581 militaribus

251 608 383 668 iudicata
398 613 430 667 in
444 607 503 667 hac
516 620 600 688 parte
615 611 765 688 legimus,
795 607 1115 688 Olympiodor1potius
1129 628 1194 666 esse
1210 627 1302 688 quam
1317 607 1354 664 ab

248 697 373 754 Zosimo
382 697 474 752 animi
484 697 547 752 acie
559 696 681 753 iuventa
692 697 888 774 suspicamur,
899 713 1026 774 earnque
1042 695 1079 751 ob
1092 713 1214 752 causam
1228 713 1262 750 ea
1278 713 1357 772 quae

250 777 289 838 de
305 778 478 838 Stilichonis
494 781 654 839 virtutibus
668 800 702 838 ac
717 783 799 838 vitiis
814 781 851 837 ab
869 783 951 838 omni
965 781 1255 862 iniquitatevalienus
1273 776 1357 836 iudi-

249 868 345 939 covit,
373 885 435 923 non
448 867 603 944 Eunapio,
626 868 679 946 qui
695 875 729 923 ut
745 867 876 945 impium
888 868 920 924 in
936 868 1084 923 maiorum
1102 883 1187 922 sacra
1200 862 1357 922 hominem

249 970 320 1008 eum
335 953 550 1028 exagitaverat,
576 948 631 1010 sed
647 951 862 1030 Olympiodoro
879 951 954 1008 duce
968 951 1095 1028 scripsit.
1140 951 1278 1030 quicum
1294 952 1358 1007 Zo-

249 1038 326 1094 simo
340 1033 391 1093 hic
406 1037 572 1114 comparari
587 1029 745 1115 scriptores
762 1035 958 1116 adhiherique
976 1033 1016 1094 ad
1034 1037 1099 1093 eius
1113 1033 1357 1092 emendationem

248 1123 383 1200 possint,
414 1124 436 1178 ii
453 1132 483 1178 et
495 1124 670 1200 paucissimi
684 1133 754 1181 sunt
768 1131 798 1180 et
812 1125 931 1180 minimi
946 1123 1101 1180 momenti.
1146 1123 1267 1179 Orosius
1285 1123 1358 1198 qui-

250 1205 337 1280 dem,
364 1207 424 1264 nisi
443 1209 523 1265 iusto
536 1210 657 1286 parcior
670 1227 706 1266 ac
719 1209 838 1266 brevior
850 1209 882 1265 iu
897 1207 986 1266 rebus
1000 1203 1174 1265 enarrandis
1186 1205 1293 1264 suisset
1307 1206 1358 1262 in-

250 1289 450 1371 dulsissetque
471 1295 572 1352 mitius
588 1296 710 1372 ingenio
730 1295 954 1372 superstitioso,
985 1302 1018 1350 ut
1032 1292 1167 1372 aequalis
1183 1301 1280 1348 aetate
1299 1287 1359 1348 ad·

250 1395 347 1459 eoque
362 1379 497 1434 maxime
513 1382 686 1437 auctoritate
702 1379 838 1458 pollens,
861 1379 1037 1436 utilissimus
1053 1375 1187 1434 adhunc
1202 1395 1291 1434 usum
1306 1375 1358 1434 fo-

249 1472 304 1520 ret.
348 1461 542 1540 suppeditant
554 1465 701 1523 nonnulla
716 1483 794 1544 quae
808 1461 868 1522 huc
881 1464 1005 1536 faciunt,
1019 1472 1139 1542 praeter
1153 1464 1358 1520 Sozomenum

250 1558 281 1605 et
299 1545 534 1627 Philostorgium
554 1559 584 1606 et
608 1547 851 1628 chronographos
874 1549 1084 1608 Marcellinum
1108 1557 1138 1606 et
1162 1539 1358 1626 Prosperum,

251 1632 415 1692 lornandes
428 1644 456 1692 et
470 1635 643 1713 Procopius,
663 1632 713 1692 hic
727 1639 759 1692 in
771 1635 899 1708 ultimis,
921 1636 974 1692 ille
991 1637 1024 1692 iu
1041 1633 1201 1712 prioribus,
1225 1631 1359 1712 denique

251 1721 438 1796 Augustinus
452 1721 586 1799 aequalis
601 1739 636 1777 uc
652 1718 825 1798 Frigeridus
840 1721 1037 1780 Turonensis.
1080 1720 1187 1776 ultimo
1204 1719 1271 1776 loco
1287 1737 1359 1775 mo-

254 1805 394 1862 nebimus
414 1801 531 1862 hiatum
551 1825 617 1864 esse
638 1803 863 1885 quodammodo
886 1803 1027 1864 historiae
1048 1813 1147 1861 rernm
1173 1821 1252 1882 quae
1278 1804 1360 1860 inter

252 1909 366 1948 annum
379 1888 441 1954 404
458 1900 488 1948 et
503 1889 566 1955 407
583 1900 684 1968 gestae
704 1900 799 1948 erant.
844 1911 913 1948 cum
934 1892 1015 1948 enim
1037 1891 1192 1970 Eunapius
1213 1885 1360 1968 historiae

251 1994 324 2034 suae
341 1975 433 2032 finem
455 1994 533 2032 anno
554 1975 618 2040 404
635 1975 757 2050 fecerit,
788 1973 1020 2054 olympiodorus
1035 1984 1137 2032 autem
1152 1993 1239 2032 snam
1252 1994 1278 2032 a.
1292 1973 1359 2037 407

251 2079 377 2117 exorsus
393 2063 442 2132 sit,
457 2061 602 2118 <relictum
616 2060 654 2117 ab
669 2063 708 2118 iis
724 2071 770 2119 est
782 2063 921 2140 spatium,
939 2059 1021 2140 quod
1034 2062 1093 2118 nisi
1106 2057 1228 2118 aliunde
1243 2069 1360 2118 sartum

250 2147 390 2204 Zosimus
410 2146 557 2222 praestitit
578 2164 614 2204 ac
632 2145 722 2203 rebus
740 2148 774 2203 in
787 2147 842 2204 illo
855 2149 999 2224 temporis
1014 2146 1171 2203 intervallo
1188 2147 1281 2223 gestis
1298 2164 1359 2202 ex-

250 2230 362 2309 plevit,
390 2231 484 2308 ipsius
505 2222 663 2289 histoiiam
683 2232 893 2309 imperfectam
913 2229 1037 2289 reddere
1053 2228 1166 2288 debuit.
1210 2241 1360 2310 quantum

250 2313 451 2394 comparando
466 2325 564 2394 potest
581 2317 698 2391 coniici,
718 2337 759 2376 ex
772 2315 998 2398 Olympiodoro,
1013 2317 1066 2397 qni
1083 2313 1243 2375 exordium
1258 2313 1360 2374 histo-

249 2403 312 2458 riae
325 2421 397 2459 suae
413 2403 504 2480 paulo
521 2401 609 2459 altius
624 2399 748 2462 duxisse
762 2400 895 2476 videtur,
924 2420 959 2459 aa
976 2421 1052 2483 quae
1066 2403 1104 2460 iis
1118 2403 1205 2460 annis
1220 2412 1289 2462 sunt
1305 2403 1359 2460 in-

249 2487 333 2544 clusa
354 2497 473 2566 sumpta
492 2497 563 2545 sunt
584 2496 613 2544 et
626 2488 781 2545 translata.
824 2488 939 2546 factum
960 2498 1062 2545 tamen
1086 2487 1136 2544 rel
1158 2490 1201 2546 sic
1221 2498 1255 2545 ut
1274 2487 1358 2546 male

250 2574 400 2630 omitteret
427 2592 474 2629 res
497 2571 658 2631 nonnullas
680 2571 845 2632 admodum
866 2573 1032 2648 notabiles,
1062 2573 1201 2652 inprimis
1220 2571 1357 2632 Alarichi

247 2659 378 2740 primam
388 2659 421 2714 in
436 2659 556 2716 Italiam
569 2660 809 2718 exscensionem.

333 2763 364 2821 p·
382 2745 444 2806 283
456 2763 487 2800 r.
504 2747 534 2805 8.
579 2741 788 2803 desiderantur
808 2741 860 2802 hic
876 2763 911 2802 ea
927 2741 1061 2825 queead
1075 2743 1207 2823 priorem
1220 2739 1356 2802 Alarichi

247 2831 281 2886 in
298 2829 418 2885 Italiam
433 2831 621 2906 eruptionem
636 2831 798 2908 pertinent.
841 2847 920 2887 anno
939 2827 1192 2903 donaremini,
1215 2847 1285 2886 cum
1300 2848 1357 2886 su·
1432 2899 1434 2904 ,

247 2917 359 2993 peratis
381 2913 509 2991 Alpibus
527 2915 560 2970 in
581 2916 701 2973 Italiam
721 2913 944 2988 descendisset,
974 2915 1097 2993 proeliis
1123 2915 1293 2972 commissis
1314 2911 1357 2971 ad

248 2999 430 3057 Pollentiam
449 3017 484 3055 ac
498 2999 649 3057 Veronam
664 3019 681 3056 a
693 2997 859 3058 Stilichone
872 3001 916 3057 ite
929 3000 1025 3057 rictus
1039 3000 1221 3078 fugatusque
1235 3009 1297 3073 est,
1321 3009 1356 3056 ut

248 3093 318 3163 post
339 3101 433 3141 anuos
457 3093 517 3142 tres
541 3102 634 3164 quam
649 3085 768 3143 ltaliam
791 3083 942 3144 hostiliter
958 3087 1135 3159 invasisset,
1161 3101 1228 3142 eam
1241 3094 1355 3142 terram

247 3170 418 3249 relinquere
430 3187 465 3226 ac
476 3166 574 3227 redire
589 3171 631 3228 cis
645 3171 740 3250 Alpes
755 3181 911 3250 cogeretur
929 3170 1127 3252 (Claudianus
1146 3167 1277 3228 debello
1291 3171 1356 3226 Ge-

247 3257 324 3326 tico;
353 3255 392 3310 cf.
414 3253 583 3312 leemont.
607 3267 630 3314 t.
647 3255 667 3320 5
683 3276 714 3334 p.
730 3254 923 3320 522—582·
971 3254 1102 3314 Gidbon.
1121 3259 1176 3318 t.3
1193 3275 1224 3334 p-
1241 3252 1355 3317 145-

251 3339 338 3417 155).
382 3337 512 3396 eundem
525 3337 701 3398 Alerichum
712 3351 819 3420 postea
832 3338 959 3400 Stilicho
975 3339 1012 3396 ad
1028 3359 1096 3398 suas
1114 3351 1212 3418 partes
1226 3349 1356 3398 tractum

248 3427 428 3501 magistrum
448 3419 627 3482 militiae‘in
647 3427 767 3504 lllyrico
791 3428 943 3484 coustituit
965 3425 1144 3504 (Sozomen.
1166 3429 1186 3488 8
1214 3424 1266 3488 25.
1312 3426 1353 3482 cl.

248 3507 337 3566 Buut
348 3510 483 3565 Histoire
494 3511 640 3568 ancienne
656 3511 708 3568 dee
716 3510 844 3588 periples
857 3512 894 3568 de
907 3511 1052 3586 l'Europe
1064 3513 1118 3571 t.7
1132 3529 1164 3588 p-
1182 3513 1222 3574 69
1238 3509 1353 3588 seqq.).

334 3591 489 3657 ib.v.15.
533 3597 669 3654 exactius
687 3593 764 3654 haec
785 3594 866 3675 apud
881 3595 1128 3676 olympiodorum
1145 3605 1213 3654 sunt
1231 3593 1351 3652 tradita.

248 3673 398 3756 testudo
419 3680 595 3759 (illyricum
615 3700 790 3761 recuperare
810 3692 844 3740 nt
857 3680 1051 3740 occidentalis
1065 3681 1150 3758 regni
1162 3689 1279 3758 partem
1298 3701 1354 3737 cu-

248 3763 349 3844 piens)
366 3765 576 3872 pasnaticum
592 3765 643 3828 tat
656 3764 690 3830 ro*
701 3760 836 3845 φυλάξαι
847 3765 982 3849 Ὁνωρίῳ
997 3763 1030 3830 rd
1042 3761 1217 3845 Ἰλλυρικόν·
1239 3769 1280 3849 τῇ
1294 3761 1353 3848 ydp

248 3845 346 3913 utiensi
360 3873 402 3930 ην
417 3846 501 3931 παραὶ
516 3852 682 3914 Θεοδοσίου
696 3856 754 3915 rosi
767 3851 878 3927 πατρὸς
892 3851 1127 3932 ἕκνενεμημένον
1140 3851 1284 3934 βασιλείᾳ.

332 3934 375 3992 ib.
421 3938 536 4015 accepit
555 3935 716 3996 Alerichus
736 3940 806 3996 viro
826 3934 993 3997 Stilichone
1015 3932 1127 4017 μισθὸν
1152 3938 1207 4016 τῆς
1229 3934 1353 4016 ἐκστρο-

247 4019 328 4092 rsluc
340 4017 370 4099 μ’
379 4017 570 4102 κεντηνάρια.
613 4021 821 4101 Olympiodcr.

333 4104 374 4162 ὥ.
391 4125 421 4163 v.
439 4111 489 4170 18.
519 4105 558 4166 de
571 4105 744 4188 Rodogeisi,
767 4109 819 4189 qui
836 4106 1042 4186 quinquennio
1057 4107 1120 4164 iam
1134 4115 1203 4164 ante
1217 4099 1352 4163 Alarichi

246 4189 345 4248 fuerat
357 4191 391 4248 iu
402 4194 568 4252 vastatione
580 4195 683 4252 ltaliae
699 4197 809 4268 socius,
831 4195 962 4267 incursu,
978 4195 1118 4252 Zosimus
1130 4192 1209 4250 iusto
1220 4191 1351 4264 brevius,

247 4277 369 4338 Orosius
381 4280 402 4339 7
423 4281 466 4342 37
478 4279 568 4357 paulo
582 4278 691 4356 fndus,
710 4299 817 4340 verum
829 4299 892 4342 nou
906 4281 979 4340 satis
996 4289 1102 4338 mete
1117 4278 1245 4356 scripsit.
