3025 4892
505 282 587 353 ΗΒ.
611 289 634 353 2
659 275 746 353 CAP-
768 285 822 353 ut.
847 283 900 356 64.
927 285 981 354 56.
1219 285 1292 359 1¹21

186 457 319 545 μετρίως
341 457 378 522 οὐ
394 457 572 542 ‹lump-lim,
597 459 833 546 προσεπετίθετο
851 457 1005 524 discissi
1020 461 1088 546 mpl
1102 458 1175 536 τούς
1190 455 1294 525 τοιού-

186 587 261 638 τους
276 557 411 626 stetten
426 563 630 628 συνίστασθαι
643 568 930 651 τῶν,ὀυκοφαντιιι’ῖν
946 561 1141 649 ἐργαστήρια,
1157 573 1222 641 τοῖς
1237 566 1292 628 dn-

189 670 295 731 κοῦσιν
318 656 352 730 εὐ
372 663 450 749 ἐχειν
471 663 566 750 τύχης
582 663 831 748 ἐπιβουλεύοιτο·
857 672 902 754 τῷ
921 665 980 752 γάρ
1003 665 1142 752 κατάγειν
1163 669 1293 745 ἐκείνους

189 774 246 850 τῆς
260 767 426 855 εὐπραγίας
439 768 528 835 αὐτοί
543 769 601 847 τάς
610 767 830 848 τούτωνιάξίιις
843 769 919 846 δξειν
932 771 1099 849 ἐλπίζοντος
1110 768 1236 848 'etelsus
1249 769 1292 848 εές

164 871 248 948 tenir
262 873 332 936 κατ’
346 873 448 940 αὐτῶν
457 874 616 960 ἐτρίποντο
629 871 787 955 διαβολάς.
803 915 805 922 =
838 864 922 942 αὐτοι
935 873 1097 952 κοινωνούς
1108 878 1162 958 τῆς
1176 900 1291 958 κακοη-

187 978 279 1053 θείας
292 974 454 1060 εὐνούχους
467 983 530 1055 τῶν
542 981 612 1064 περὶ
626 978 681 1062 τὴν
694 975 792 1061 αὐλήν
805 1003 890 1055 τινος
902 975 1111 1061 ποιησάμενοι,
1130 975 1292 1065 περιστάν-

107 1114 110 1116 ’
188 1103 240 1156 τες
251 1081 393 1146 πείθουσι
408 1081 462 1147 τδν
477 1079 693 1148 Καινοτάντιοκ
708 1078 751 1158 ὡς
764 1079 885 1158 Γάλλος
903 1080 946 1146 (ὐν
962 1081 1089 1166 ἀνεψιὸς
1104 1081 1199 1148 αὐτού
1207 1130 1218 1161 ,
1238 1087 1293 1166 τῆς

188 1188 247 1248 τοῦ
259 1185 420 1271 Καίσαρος
439 1185 605 1269 ἠξιωμένος
618 1192 727 1273 τιμῆς,
754 1186 809 1252 οὐκ
830 1183 1016 1274 ἀρκούμενος
1034 1179 1293 1274 ταύτη’πειρο”ιται

187 1286 246 1370 τὴν
257 1291 417 1370 βασιλείαν
430 1286 533 1378 ἔαυτηῖ
544 1295 723 1377 περιθεῖναι
749 1293 800 1354 καί
816 1287 864 1356 ὅτι
880 1296 970 1357 τοῦτο
987 1290 1102 1372 ὐληθές
1115 1282 1153 1373 ἦν
1168 1291 1294 1356 πείσον-

148 1397 256 1470 1οτες,
289 1395 333 1469 είς
351 1392 408 1476 τὴν
428 1393 508 1458 κατά
527 1400 584 1458 τού
604 1391 728 1459 Γάλλου
743 1393 867 1481 σφαγὴν
884 1394 1043 1480 ἐπαίρουσι
1057 1393 1110 1460 adv
1124 1390 1293 1460 Κωνστάν-

143 1564 145 1575 ,
187 1518 263 1559 τιον.
312 1487 393 1579 ἦσαν
408 1498 443 1561 dd
459 1497 489 1560 ci
504 1494 619 1581 ταύτην
636 1499 797 1576 πλίξοιντες
812 1497 868 1580 τὴν
885 1496 1049 1580 ἐπιβουλὴν
1064 1493 1225 1580 Δυνάμιος
1241 1498 1294 1562 κοιλ

187 1599 367 1677 Πικέντιος,
400 1601 527 1676 εὐτελεῖς
540 1599 648 1685 ἄνδρες
664 1603 717 1665 καὶ
732 1599 785 1666 διδ
800 1605 860 1666 τῶν
874 1598 1019 1666 τοιούτων
1036 1607 1138 1666 κακῶν
1159 1603 1207 1666 ἐπὶ
1226 1609 1314 1682 pet.

188 1703 241 1780 ζον
254 1703 357 1766 ἐλθεῖν
369 1700 464 1786 τύχης
477 1701 706 1782 σπουδάζοντες.
759 1698 907 1768 ἐκοινάνιι
924 1703 957 1768 δέ
973 1703 1082 1780 αὐτοῖς,
1088 1709 1144 1786 τῆς
1158 1700 1297 1789 πράξεως

188 1806 242 1867 καί
256 1803 450 1887 Λαμπάύιος
470 1803 487 1870 ὅ
512 1812 569 1891 τῆς
590 1806 687 1889 αὐλῆς
702 1803 858 1892 ὐπαρχος,
885 1805 962 1894 ἀνὴρ
981 1804 1135 1874 δύνασθαι
1151 1806 1235 1892 παρὰ
1251 1811 1296 1893 τῷ

148 1912 314 1990 15βασιλεῖ
335 1906 458 1975 πάντων
477 1909 524 1975 ciel
550 1911 641 1975 πλέον
663 1911 835 1992 ἐπιθυμῶν.
886 1915 943 1976 τοῦ
963 1912 1064 1976 τοίνυν
1079 1909 1321 1976 Κιουοταντιόυ“

188 2021 257 2088 ταῖς
269 2009 427 2090 τοιαύταις
438 2015 570 2096 θεμίνου
589 2017 749 2095 διαβολαῖς
762 2010 975 2097 μετάπεμπτος
983 2015 1047 2096 μὲν
1064 2011 1081 2078 ὁ
1097 2011 1218 2092 Γάλλος
1233 2015 1295 2098 ἐγί-

188 2141 267 2194 seru,
286 2116 319 2181 τύ
332 2117 404 2183 κατ’
419 2100 519 2182 αὐτοῦ
532 2115 778 2200 σπουδαζόμενον
794 2118 927 2202 άγνοάν·
953 2114 1137 2205 spretus-spos
1152 2119 1185 2187 δέ
1201 2117 1296 2184 αὐτὸν

141 2267 145 2276 .
189 2215 437 2298 ὅΚωνστάντιος
456 2227 580 2307 πρῶτον
596 2223 653 2304 μέν
667 2228 723 2305 τῆς
737 2227 794 2288 τοῦ
809 2223 969 2308 Καίσαρος
984 2219 1083 2287 ἐπιλύει
1098 2228 1204 2306 τιμῆς,
1231 2223 1294 2286 ἐπεὶ
1312 2252 1337 2289 a
1356 2234 1410 2292 354

190 2323 224 2387 δὲ
233 2325 394 2408 πεποίηκεν
405 2322 540 2409 ἐύιάτην,
556 2335 621 2402 τοῖς
636 2328 756 2409 δημίοις
770 2327 928 2392 ἐκδίδωσιν
940 2328 983 2402 είς
998 2322 1130 2413 σφαγήν,
1149 2325 1185 2390 οὐ
1202 2330 1292 2392 τοῦτο

84 2467 89 2480 ·
146 2433 313 2512 Ξθπριιῖτον
327 2429 407 2494 κατὰ
421 2437 583 2514 συγγενοῦς
603 2431 734 2511 αἵματος
752 2428 789 2496 τὸ
803 2426 904 2514 μύσος
914 2427 1094 2518 ἐξαμαρτών
1100 2474 1112 2510 ,
1139 2429 1210 2495 ἀλλ’
1228 2426 1294 2497 ἐτέ-

189 2554 255 2616 ροις
269 2533 386 2597 πλειόσι
398 2540 489 2598 τοῦτο
502 2534 661 2620 προσθείς.

258 2725 277 2780 t
289 2721 403 2788 εἰκότος
414 2725 464 2780 add
473 2727 506 2780 P.
558 2727 576 2783 6
587 2722 739 2796 τρέπονται
748 2725 905 2796 Stephanus.
956 2729 991 2782 20
1001 2723 1034 2781 τὸ
1046 2723 1136 2794 μύσος
1146 2727 1221 2780 abest
1232 2726 1291 2780 su.

190 2911 240 2948 non
251 2901 348 2966 posset
383 2895 518 2948 sumebant
530 2896 605 2948 etissu
615 2893 798 2948 incrementum
810 2895 931 2948 officinae
943 2894 1139 2962 calumniarum,
1164 2912 1231 2964 quae
1246 2893 1297 2948 cir-

190 2982 246 3017 cum
258 2965 381 3018 eiusmodi
393 2964 505 3018 bominac
517 2966 630 3019 existere
642 2971 849 3029 consueverunt,
879 2973 905 3017 et
923 2963 955 3016 iis
973 2965 1130 3034 potissimum
1146 2965 1298 3018 insidiantur

189 3051 297 3103 quorum
309 3037 430 3088 fortunae
441 3033 507 3086 bene
519 3035 676 3086 constitutae
687 3033 814 3086 videatur.
830 3033 925 3104 quippe
934 3033 1056 3086 dumillos
1065 3035 1188 3087 felicitate
1196 3050 1242 3086 sua
1251 3033 1296 3086 dc·

189 3102 315 3156 turbando
327 3104 464 3172 dignitates
475 3121 564 3155 eorum
574 3120 603 3156 se
610 3111 794 3155 consecuturos
805 3105 952 3171 sperabant,
964 3120 1014 3154 non
1026 3103 1072 3155 uba
1082 3103 1151 3156 read
1160 3103 1299 3154 calunnius

190 3173 316 3226 adversus
334 3191 379 3225 eus
392 3173 529 3226 struendas
541 3190 570 3224 se
580 3172 775 3226 convertebant.
811 3180 890 3242 utque
902 3172 925 3223 bi
938 3171 1090 3242 quibusdum
1102 3172 1151 3226 sibi
1163 3171 1239 3226 sociis
1251 3172 1299 3222 int-

190 3243 328 3310 prnbitatis
338 3242 464 3295 adiunctis
502 3241 633 3311 quierant
644 3241 753 3294 eunuchi
766 3238 858 3308 aulici,
877 3241 1054 3294 Constantium
1065 3240 1181 3308 aggressi
1194 3239 1299 3293 Gallum

190 3312 332 3381 patruelem
342 3312 440 3381 ipsius,
463 3285 589 3379 dignitate
602 3309 723 3364 Caesaris
735 3316 871 3375 ornatum,
897 3309 944 3362 hac
955 3328 1004 3362 non
1016 3318 1163 3362 contentum
1176 3308 1208 3362 de
1219 3325 1299 3362 occu-

191 3379 275 3448 pando
286 3380 392 3449 imperio
404 3380 518 3449 cogitare
529 3380 693 3450 persuadent.
728 3387 756 3432 et
770 3379 825 3432 eius
836 3378 936 3448 quidem
948 3378 987 3432 rei
999 3379 1051 3432 fide
1062 3379 1214 3432 Constantio
1228 3381 1299 3431 sactu

191 3458 312 3517 tanquam
324 3467 419 3513 verae,
443 3450 477 3502 ad
488 3450 635 3502 struendam
647 3448 725 3501 Gallo
736 3465 825 3502 necem
837 3447 906 3500 illurn
918 3449 1057 3518 impellunt.
1092 3449 1136 3518 qui
1149 3449 1194 3500 bns
1207 3457 1297 3502 tenuc-

192 3516 381 3584 sanctesium,
406 3519 430 3571 D
450 3520 547 3572 nannius
566 3528 594 3572 et
605 3513 737 3572 Picentius
755 3517 867 3570 homines
879 3529 955 3570 eraut
966 3517 1119 3570 condicionis
1133 3517 1248 3582 humilis,
1270 3523 1298 3570 et

192 3587 236 3656 qui
247 3603 294 3658 per
305 3587 419 3640 buiusmo
439 3588 447 3639 i
458 3589 558 3641 seelera
568 3591 696 3641 fortunam
707 3586 740 3639 ud
752 3587 898 3656 ampliorem
910 3587 1045 3656 pervenire
1056 3587 1211 3641 nitebantur.
1235 3604 1299 3657 par·

192 3659 274 3725 ticeps
287 3663 373 3708 autern
383 3657 503 3710 facinoris
513 3664 541 3710 et
551 3657 706 3727 Lampadius
717 3669 783 3724 erut,
797 3656 948 3726 praefectus
960 3656 1100 3726 praetorii;
1119 3655 1162 3726 qui
1177 3657 1217 3710 vir
1229 3655 1296 3726 upud

192 3726 369 3795 imperatorem
389 3725 446 3795 plus
463 3725 521 3778 aliis
537 3727 651 3779 omnibus
669 3725 831 3779 auctoritatis
848 3733 875 3777 et
887 3726 1019 3794 potentiae
1031 3743 1131 3795 semper
1144 3725 1240 3778 babere
1252 3743 1297 3778 cu-

191 3796 287 3864 piebat.
320 3794 410 3863 itaque
422 3796 576 3848 constantin
594 3795 691 3848 talibus
707 3794 839 3865 cplurnniis
850 3811 925 3849 aures
936 3797 1076 3864 praebente
1088 3794 1179 3846 Gallus
1190 3790 1298 3848 arcessi-

192 3873 245 3930 tur,
264 3863 371 3932 ignarus
382 3881 468 3918 eorum
478 3865 582 3934 quaein
593 3866 677 3934 ipsum
689 3864 852 3916 cuderentur.
872 3879 929 3916 euru
940 3862 1118 3916 advenientem
1132 3863 1298 3916 Constantius

192 3935 289 3986 bonore
300 3933 422 3987 Caesaris
434 3933 540 4003 primurn
552 3936 632 4004 exuit,
645 3934 738 3986 deinde
750 3933 874 4002 privatum
887 3933 920 3985 ad
933 3933 1060 3986 fortunam
1073 3933 1200 3984 redactum
1213 3931 1297 3989 cerua-

191 4003 284 4057 ficibus
292 4003 433 4055 necandum
442 4003 559 4068 tradidit,
569 4020 620 4055 nen
631 4002 675 4056 illu
686 4002 768 4073 primo
781 4009 870 4058 cetuna
882 4011 1018 4076 cognatum
1029 3999 1177 4070 sanguinem
1188 4000 1297 4066 adunisse

191 4070 302 4143 piaculo,
316 4071 681 4145 sedptnritusatttsstteeta.
1177 4125 1179 4128 .
1210 4113 1212 4118 -

650 4220 858 4234 ψ
