3025 4892
602 345 876 439 nnousmo.
962 465 969 480 Ι
1223 366 1289 421 m

193 533 367 600 attribuisse
378 533 527 598 annorum
536 555 696 598 numerum
706 555 830 600 nsoesse
839 529 899 600 est.
934 557 998 621 quo
1008 523 1125 619 posito,¹
1133 537 1290 598 mimum

194 641 285 702 abeo
297 649 431 722 tempore
443 659 503 722 quo
517 659 604 702 ruere
615 661 662 702 res
672 643 827 700 Romanae
838 651 870 701 et
881 639 992 702 oollubi
1002 649 1174 721 roepernnt,
1196 639 1291 702 adeo-

180 739 341 824 'quoinde
353 742 390 801 eb
404 755 483 801 anno
497 741 608 804 divulsi
618 763 674 824 per
686 739 894 803 Theodosium
907 753 938 802 et
950 744 1030 802 inter
1038 743 1116 803 filios
1127 742 1291 810 Aradium

192 855 234 905 et»
250 847 417 906 Honorium
439 842 528 906 dirisi
548 863 577 904 a.
593 847 654 911 ⁸95
677 848 813 928 imperil,
835 841 948 908 saaouli
965 847 1031 906 fere
1050 844 1174 906 dimidia
1193 857 1289 926 parte,

194 945 331 1029 adeoque
359 949 436 1007 aima
461 945 653 1008 oooidentslls
674 951 761 1028 regni
782 942 952 1026 sidilum,
981 950 1097 1008 vixisse
1121 947 1290 1008 credemus.

136 1077 141 1086 ·
194 1065 288 1129 qnare
311 1067 368 1108 neo
388 1039 565 1110 mirabimur
585 1053 768 1131 Euagriunr,
792 1048 967 1110 aduentum
984 1069 1078 1112 annos
1093 1071 1136 1110 ex
1149 1061 1291 1130 ‘eomputo

194 1159 296 1212 nostru
311 1169 329 1210 a
342 1155 456 1212 Zosimi
469 1163 568 1212 aetate·
579 1163 743 1230 remotum,
765 1165 836 1214 oum
849 1153 1010 1214 obliterata
1027 1155 1090 1212 iem
1103 1156 1198 1234 ipsius
1210 1155 1291 1213 inter

194 1249 333 1314 homines
352 1257 498 1316 memoria
516 1253 641 1316 historia
656 1257 720 1316 eius
736 1255 835 1317 solum
852 1265 1000 1335 nutaret,
1018 1274 1096 1316 num
1108 1237 1289 1317 vixeritlr-

193 1353 275 1426 oarl'ri
290 1367 320 1414 et
335 1359 461 1420 Honorii
475 1377 568 1438 regno
581 1359 744 1439 ambigere.
1148 1377 1153 1390 '

280 1461 361 1532 Quae
384 1457 421 1519 de
441 1461 566 1542 reliquis
587 1459 627 1520 ad
647 1464 742 1522 viram
761 1463 876 1522 Zosimi
895 1462 1113 1543 pertinentibus
1136 1461 1226 1520 rebus
1248 1479 1291 1520 ex

192 1558 290 1640 ipsius
302 1561 420 1642 scriptis
431 1583 534 1622 eruere
546 1565 628 1640 lioet,
650 1583 685 1623 ee
699 1583 761 1623 non
772 1567 870 1644 magis
883 1567 1003 1644 oopiose
1018 1576 1070 1626 aut
1081 1568 1154 1624 oitre
1168 1582 1291 1624 omnem
1391 1640 1393 1643 Ι

193 1659 412 1724 dubitationem
417 1663 501 1723 tradi
512 1674 637 1744 possunt
649 1685 741 1747 quam
756 1683 833 1746 quae
848 1664 886 1725 de
901 1650 997 1725 aetate
1009 1670 1074 1726 eius
1086 1664 1157 1724 inde
1170 1674 1290 1744 sumpta

193 1761 364 1826 docuimus.
411 1769 438 1827 si
454 1765 535 1826 iides
555 1765 695 1828 habenda
715 1760 902 1848 insoriptidni
921 1787 1013 1848 quam
1030 1767 1155 1828 historia
1173 1767 1290 1826 Zosimi

192 1861 287 1925 lrabet
308 1867 358 1948 (et
370 1871 533 1947 genuinam
549 1889 624 1948 esse,
645 1868 821 1928 eonfirmare
834 1865 936 1928 Plautii
948 1889 1017 1928 eam
1030 1872 1190 1949 repetentis
1202 1870 1290 1928 testi·
1322 1846 1326 1856 ’

191 1969 331 2027 monium
344 1969 498 2050 ridetur),
520 1975 637 2030 romum
649 1982 679 2030 et
689 1964 946 2046 exadvoouts'fieor‘
959 1967 1136 2050 dignitatem
1151 1972 1291 2048 obtinuit,

192 2072 244 2129 uui
270 2071 476 2158 satisfingeus
503 2071 596 2155 «ierus
623 2095 658 2133 ao
685 2075 787 2133 lorum
806 2062 963 2158 illustrem
975 2072 1149 2132 adiuratum
1164 2076 1289 2134 summ.

191 2175 352 2253 sexaginta
362 2179 456 2234 *enim
477 2173 604 2236 ririilli
625 2192 754 2257 quorum
777 2177 812 2234 in
833 2171 960 2236 numero
977 2179 1116 2236 Zosimus
1137 2186 1222 2246 erat‚·
1247 2194 1289 2234 ex

185 2273 347 2336 'advomtis
366 2289 486 2339 uentum
504 2289 535 2338 et
548 2281 767 2361 quinquaginta
781 2279 815 2337 in
830 2279 896 2338 foro
911 2279 1055 2358 praefecti
1071 2281 1236 2359 praetorio,
1255 2287 1291 2335 nt

193 2397 298 2438 curum
309 2379 373 2439 fisci
382 2377 537 2458 heberent,
553 2391 605 2441 aut
619 2381 745 2461 siugulis
759 2382 847 2441 annis
859 2391 912 2440 aut
923 2381 1045 2440 biennio
1058 2399 1177 2462 quoque
1187 2379 1291 2454 'alosti

193 2484 268 2541 satis
287 2485 406 2564 magnis
418 2485 586 2544 utebantur
609 2483 793 2564 privilegiis,
815 2493 846 2543 et
864 2484 1067 2564 praeterlapso
1088 2500 1150 2563 quo
1166 2481 1238 2541 fiseo
1255 2490 1291 2540 ut

193 2588 312 2664 patmni
333 2597 492 2665 praeerant
513 2595 649 2666 tompore
669 2605 731 2646 non
751 2583 844 2646 modo
865 2584 1043 2666 dignitatem
1072 2605 1108 2643 ao
1131 2583 1290 2664 privilegis

158 2695 159 2698 ’
193 2687 324 2768 prlstlne
334 2689 518 2764 retinebant,
540 2687 595 2748 sed
606 2689 703 2747 titulis
715 2690 840 2768 insuper
850 2689 984 2750 virorum
996 2687 1206 2766 spartabilium
1216 2703 1291 2746 oon·

194 2771 328 2850 decorati
340 2791 420 2850 iuter
436 2793 560 2851 uomitus
575 2792 804 2850 consistorianos
821 2789 1036 2850 referebantur.
1077 2787 1150 2848 inde
1167 2791 1195 2849 si
1208 2789 1289 2847 inle-
1304 2816 1335 2871 p.
1353 2815 1404 2853 m

192 2893 289 2954 rimus
300 2894 458 2954 'Zosimum
471 2895 547 2952 iuris
558 2911 717 2972 rerumque
730 2890 877 2950 fisoalium
888 2892 982 2952 fuisse
994 2893 1142 2971 peritum,
1163 2901 1194 2949 et
1208 2891 1290 2968 cpo-

192 2997 265 3074 lim,
286 2997 347 3056 nisi
358 2998 497 3076 patriam,
519 2995 627 3055 saltem
641 2991 746 3053 sedem
761 2995 790 3052 ei
804 2994 907 3070 fuisse,
928 2994 1167 3074 aprubabilitete
1179 2990 1289 3052 iinon

193 3096 344 3158 abhorret.
385 3096 418 3157 id
436 3107 540 3157 tamen
559 3099 672 3156 mirum
686 3094 852 3173 ridebitur,
875 3095 957 3178 quod
969 3099 1124 3172 Zosimus,
1145 3097 1199 3177 qui
1210 3113 1288 3174 gen-

193 3203 256 3261 tilis
268 3201 487 3281 superstitionis
500 3201 646 3260 cultorem
657 3219 690 3260 aa
703 3203 737 3258 in
748 3218 803 3260 suo
816 3218 905 3280 opera
915 3197 1080 3279 profitetur,
1102 3217 1138 3257 eo
1152 3209 1287 3277 ternpore

194 3321 256 3386 qno
278 3306 367 3384 patrii
389 3305 464 3364 ritus
487 3321 522 3360 uo
542 3303 740 3363 caerimoniae
758 3301 937 3361 iamdudum
951 3304 1165 3382 imperatorum
1181 3298 1288 3362 adlatis
1397 3323 1416 3354 ο

193 3409 366 3488 profligatae
393 3407 611 3486 abrogataequs
631 3417 745 3490 essent,
776 3414 807 3463 et
828 3397 1006 3483 dignitatem
1022 3405 1110 3462 illurn
1128 3413 1234 3463 neotus
1258 3411 1289 3462 et

193 3513 337 3592 pietatem
364 3505 602 3570 Christianorum
627 3509 842 3588 imperatorum
866 3508 1019 3584 exagitem
1037 3525 1128 3566 ausus
1147 3516 1208 3581 est,
1228 3505 1289 3565 nisi

195 3611 352 3674 eradamus
367 3633 437 3674 enm
451 3615 614 3678 oooultasse
628 3629 664 3670 sa
678 3628 756 3690 quae
767 3611 803 3668 iu
812 3607 1012 3668 Christianam
1023 3609 1201 3687 religionem
1214 3609 1290 3667 sori·-

193 3717 303 3796 pserit,
324 3735 382 3776 neo
396 3720 455 3776 nisi
468 3727 536 3798 post
552 3719 617 3775 eius
631 3724 761 3772 mortem
776 3731 812 3770 ea
824 3713 857 3769 in
867 3713 977 3790 vulgus
991 3712 1106 3790 prolate
1120 3711 1226 3770 luisse.

278 3821 362 3892 Quae
378 3819 415 3878 da
430 3821 546 3880 Zosimi
559 3827 655 3877 aetate
666 3813 812 3894 dignitate
827 3833 861 3872 ao
873 3833 1016 3888 munere,
1038 3811 1173 3872 doctrina
1184 3813 1247 3871 rita
1261 3821 1292 3869 et

193 3921 339 4001 religione
360 3923 553 4002 protulimus,
579 3939 615 3980 ea
634 3919 771 4001 quamvls
785 3935 885 3997 nequa
900 3917 997 3974 multe
1011 3935 1111 3995 neque
1125 3916 1197 3974 satis
1209 3921 1290 3972 certa

192 4027 270 4102 sint,
291 4035 417 4106 possunt
437 4035 540 4084 tamon
555 4023 759 4082 demonstrare
771 4015 913 4078 historico
926 4029 1028 4079 nostro
1039 4037 1102 4077 nou
1115 4013 1207 4075 modo
1218 4035 1289 4075 reru

191 4123 421 4208 percunctandi,
442 4125 626 4208 ridendique
645 4123 742 4182 multa
764 4139 842 4202 quae
865 4119 1012 4195 eederet,
1033 4121 1066 4178 in
1087 4119 1181 4178 oculis
1195 4119 1290 4200 ipsius

188 4233 306 4312 posita,
327 4231 502 4290 facultatem
511 4231 621 4304 fuisse,
644 4223 700 4286 sed
712 4225 848 4284 animum
860 4227 952 4284 etiam
968 4224 1052 4298 eius,
1074 4223 1226 4301 religionis
1242 4219 1290 4279 di-

187 4337 329 4394 versitate
351 4343 543 4413 aucupatum,
565 4329 753 4394 abhorruIsse
772 4350 791 4390 a
810 4326 911 4391 studio
930 4323 1075 4408 palpandi
1090 4326 1289 4405 imperatoris,
