3025 4892
483 302 563 369 LIB.
586 302 607 366 4
634 300 717 367 GAP.
746 305 797 365 13.
824 301 874 367 14.
901 302 952 370 15.
1199 300 1271 371 189

169 476 257 557 μίναι
278 477 372 561 ηυλαλ
396 474 473 561 πρὸς
489 470 661 561 ἀσφάλειαν
675 478 737 539 τῶν
752 474 989 559 φυλαττομένων
1001 472 1056 538 οάκ
1067 472 1170 559 ἀρκεῖν
1185 470 1270 555 δηιο-

171 576 297 662 λόγουν,
325 579 453 643 δεδιέναι
472 602 504 643 τε
523 574 567 659 μή
584 574 644 641 ποό
661 600 695 661 γε
715 582 822 664 πολλῷ
840 579 962 653 πλείους
977 576 1060 653 όντες
1075 574 1270 660 ἐκβιάσαιντο

172 681 271 768 ηψπ-γὴν
289 678 418 757 ἑαυτοῖς.
469 682 519 745 καὶ
542 680 572 745 οἳ
594 681 650 762 μέν
669 677 860 767 συκοηάνται
879 683 951 763 δίχα
970 680 1082 757 παντὸς
1099 678 1271 767 ἀνεχώρουν

171 782 310 847 κινδύνου
318 831 328 863 ,
355 794 531 869 κατηγορεῖν
547 781 781 868 ἀναγκαζόμενοι
798 780 914 865 μόνον,
937 782 967 847 oi
984 784 1017 848 δὲ
1035 782 1203 868 κρινόμενοι
1217 790 1272 847 osv

144 888 228 969 ¹(arrio
247 889 391 968 ἐτιμῶντο
410 885 550 952 θανάτου
575 890 645 969 δίχα
667 888 806 969 νομίμων
830 888 974 972 ἐλέγχων,
1000 886 1029 950 ui
1048 888 1081 950 δέ
1097 888 1153 963 τιλς
1166 888 1273 963 etatae

171 988 340 1069 ἀπώλλυον,
365 992 479 1065 παῖδας
494 992 545 1055 καλ
561 1000 705 1074 γυναῖκας
722 993 774 1053 καλ
791 988 847 1073 τὴν
860 990 956 1072 ἀλλην
970 990 1142 1075 συγγένειαν
1158 988 1271 1075 ἐσχάτῃ

169 1089 246 1178 τάχη
266 1090 495 1169 καταλιπόντες·
528 1085 566 1175 ἦν
589 1094 648 1181 γάρ
677 1092 712 1159 τό
737 1091 982 1176 σπουδαζόμενον
1013 1096 1047 1157 ἐκ
1072 1090 1271 1180 πολυτρόπων

169 1194 371 1278 ἀσεβημάτων
391 1196 542 1282 συλλογὴν
562 1203 606 1285 τῷ
632 1200 769 1285 δημοσίῳ
793 1202 916 1261 πολλῶν
932 1198 1076 1281 γενέσθαι
1093 1193 1271 1283 χρημάτων.

168 1300 263 1382 (15)
288 1306 409 1385 πρῶτος
437 1302 494 1382 μέν
528 1292 582 1365 οὖν
607 1306 668 1365 τῶν
688 1302 735 1365 ἐπὶ
759 1302 929 1388 φιλοσοφίᾳ
952 1303 1112 1385 γνωρίμων
1137 1297 1271 1385 ἀνῄρητο

129 1402 335 1485 λθΜάξιμος,
361 1406 412 1467 καί
430 1402 509 1486 μετά
523 1409 631 1468 τοῦτον
647 1401 662 1467 ὃ
677 1406 709 1467 ἐκ
725 1405 863 1489 Φρυγίας
875 1401 1005 1489 Ἱλάριος
1019 1401 1062 1480 ῶς
1079 1404 1118 1487 δὴ
1130 1400 1273 1488 χρησμόν

167 1530 236 1570 τινα
250 1506 339 1583 λοξὸν
355 1510 397 1583 είς
412 1506 446 1571 τό
464 1508 651 1593 σαφέστερον
662 1505 860 1594 ἐρμηνεόσας,
878 1510 929 1571 καί
941 1510 1114 1591 Σιμωνίδης
1130 1508 1179 1570 ἐπὶ
1197 1503 1271 1570 τοό-

167 1634 211 1695 τιμ
233 1610 283 1673 Ικαὶ
304 1610 474 1693 Πατρίκιος
495 1607 511 1673 ὃ
533 1610 645 1686 Λυδὸς
664 1614 714 1674 καὶ
733 1607 749 1673 δ
766 1611 799 1673 ἐκ
812 1607 1140 1695 ΚαρίαςἈνδρόνικος.
1191 1602 1271 1691 ἦσαν

170 1714 203 1775 δέ
218 1704 301 1775 οὗτοι
318 1710 428 1788 πάντες
444 1715 486 1788 είς
499 1710 594 1797 ἀκρον
609 1715 748 1789 παιδείας
763 1712 946 1795 ἐληλυθότες
963 1716 1013 1776 καί
1026 1710 1136 1799 ηθόνηι
1152 1717 1271 1793 μᾶλλον
1346 1766 1353 1769 .

168 1812 189 1897 ἢ
204 1812 305 1900 ψήηηι
322 1816 423 1904 δικαίη
438 1817 681 1901 κατακριθέντες.
735 1816 815 1881 οὕτω
827 1817 861 1880 δέ
877 1812 956 1898 ὁμοῦ
969 1813 1070 1881 πάντα
1084 1812 1272 1901 συνεταράτ-

128 1922 160 1979 16
169 1942 236 1982 τετο
257 1916 334 1983 ῶστε
351 1920 477 1982 καὶτῶν
495 1916 728 2003 προστυχόντων
743 1918 801 1995 τὰς
815 1922 911 1995 οἰκίας
923 1920 1082 1983 ἐπεισιέναι
1099 1918 1177 2000 μετά
1191 1915 1271 2001 πλή-

166 2026 247 2097 θους
265 2020 374 2103 ἀνέδην
396 2020 469 2097 τοδς
491 2019 703 2108 συκοηάντας,
730 2025 782 2087 καὶ
804 2022 876 2099 τοδς
901 2022 1099 2097 ἀπαντῶντας
1117 2018 1270 2107 ἁρπάζειν,

167 2121 317 2187 ἐκδιδόναι
337 2124 370 2188 δέ
388 2134 452 2201 τοῖς
468 2121 604 2211 (μονεύειν
622 2124 761 2202 ἅπαντας
777 2128 827 2191 καλ
847 2128 918 2208 δίχα
931 2128 1059 2211 κρίσεως
1070 2126 1271 2209 τεταγμένοις.

166 2234 229 2291 τῶν
251 2228 285 2291 δέ
305 2225 511 2309 ἀτοπημάτιον
529 2220 568 2310 ἦν
589 2228 732 2317 κολοφὼν
758 2234 898 2312 Φῆστος,
932 2227 968 2292 δν
991 2232 1034 2304 είς
1058 2234 1161 2292 πᾶσαν
1183 2228 1271 2304 εέδῶς

168 2328 312 2413 ὠμότητα
335 2328 496 2417 πρόχειρον
511 2330 585 2395 όντα
605 2338 660 2416 τῆς
673 2334 777 2409 Ἀσίας
794 2330 974 2397 ἀνθύπατον
988 2328 1005 2395 δ
1019 2332 1164 2415 βασιλεδς
1178 2330 1274 2395 ἐστει-

125 2439 234 2513 Ξθλεν,
264 2430 306 2509 ῶς
328 2432 366 2497 ἀν
385 2438 492 2517 μηδείς
514 2442 574 2499 τῶν
597 2438 667 2523 περλ
690 2434 798 2520 λόγους
815 2433 1048 2501 ἐσπουδακότων
1060 2435 1272 2521 ἀπολειηθείη.

167 2539 217 2600 καί
236 2539 278 2612 εές
295 2534 382 2621 ἐργον
396 2536 443 2621 ᾔει
457 2537 491 2601 τό
505 2535 681 2621 βούλευμα·
699 2536 817 2615 πάντας
829 2539 889 2625 γὰρ
904 2536 1057 2621 iurator
1070 2536 1271 2621 ἀναζητήσας,

168 2638 221 2716 οὓς
235 2640 292 2723 μέν
307 2630 393 2725 εὗρεν
409 2638 539 2725 ἀκρίτως
551 2640 712 2721 ἀπέκτεινε,
738 2640 811 2718 τοὺς
833 2643 866 2706 δέ
882 2642 1009 2717 λοιποὺς
1023 2637 1185 2727 δπερόριον
1198 2639 1272 2705 ἐαυ-

235 2834 254 2889 θ
270 2830 363 2903 φυγὴν
375 2834 414 2887 S.-
429 2832 488 2887 libri
502 2838 609 2905 φυγεῖν.
713 2838 747 2892 18
763 2835 804 2899 εἰς
818 2835 913 2889 πάντα
925 2812 1009 2897 state
1022 2830 1169 2903 ὠμότητος
1183 2834 1215 2889 Ρ.

167 3025 228 3086 tem,
245 3020 336 3089 quibus
349 3024 405 3073 erat
418 3037 504 3075 eorum
515 3022 633 3076 mandata
648 3022 762 3075 custodia
775 3026 903 3091 quotquot
911 3022 937 3074 in
949 3037 1066 3074 carceres
1079 3022 1177 3091 absque
1193 3038 1272 3076 causa

130 3091 132 3099 ¹
166 3090 338 3158 ducebantur,
356 3108 407 3142 non
425 3109 455 3143 se
473 3092 593 3144 sufficere
610 3094 756 3145 fatebantur
770 3093 934 3144 asservandis
949 3092 981 3143 iis
999 3091 1042 3159 qui
1053 3091 1270 3159 custodiebantur,

166 3174 246 3229 seque
263 3161 347 3212 vereri
365 3160 485 3213 dicebant
504 3178 537 3213 ne
550 3160 627 3229 longe
647 3178 750 3213 numero
770 3160 858 3231 plures
868 3162 895 3212 ri
906 3159 953 3211 sibi
964 3160 1031 3213 viam
1043 3160 1074 3210 ud
1087 3161 1172 3228 fugam
1184 3160 1270 3229 aperi-

165 3236 232 3284 rent.
267 3237 294 3280 et
306 3229 502 3282 calumniatores
520 3230 621 3299 quidem
635 3228 732 3299 absque
744 3230 811 3281 omni
821 3229 935 3299 periculo
946 3229 1128 3291 discedebant,
1146 3246 1270 3281 accusare

166 3296 292 3349 duntaxat
306 3299 406 3363 coacti;
424 3298 463 3351 rei
484 3316 547 3351 vero
568 3299 658 3370 partim
677 3306 760 3353 morte
775 3299 948 3351 multabantur
964 3298 1062 3365 absque
1075 3296 1194 3367 legitimis
1207 3315 1269 3366 pro·

166 3365 324 3431 bationibus,
343 3368 432 3436 partim
454 3370 592 3421 facultates
611 3369 778 3434 amittebant,
800 3368 887 3420 liberis
906 3374 933 3420 et
954 3367 1103 3434 coningibus
1124 3367 1270 3435 ceterisque

167 3434 283 3500 cognatis
294 3444 422 3488 extremae
434 3438 551 3490 fortunae
562 3438 668 3492 relictis.
703 3438 751 3489 boc
762 3437 828 3489 enirn
840 3438 984 3505 agebatur,
1002 3443 1032 3487 ut
1043 3453 1090 3505 per
1102 3437 1214 3488 nefarias
1227 3453 1272 3489 ra·

166 3503 250 3554 tiones
268 3504 417 3575 multiplices
434 3524 550 3573 magnam
564 3507 640 3559 fiscus
653 3505 779 3575 pecuniae
791 3506 889 3574 copiam
901 3505 1042 3573 colligeret.
1078 3504 1155 3573 (15)
1173 3505 1270 3573 primns

167 3588 200 3623 ex
218 3572 344 3624 nobilibus
362 3574 520 3644 pbilosophis
538 3576 690 3627 interfectus
708 3584 748 3627 est
765 3574 901 3643 Maximus,
920 3582 947 3625 et
965 3583 1025 3643 post
1040 3573 1108 3626 illum
1121 3576 1271 3626 oriunduse

165 3640 280 3708 Phrygia
299 3642 422 3707 Hilarius,
438 3642 482 3712 qui
499 3644 641 3713 ambiguum
657 3644 782 3713 quoddam
793 3644 922 3695 oraculum
935 3644 1028 3695 clarius
1040 3644 1131 3695 fuisset
1141 3644 1270 3713 interpre-

165 3715 246 3763 tatus.
279 3712 415 3763 secundum
427 3712 493 3765 bunc
503 3713 647 3765 Simonides
659 3722 686 3765 et
699 3712 824 3765 Patricius
835 3712 925 3780 Lydus
935 3718 963 3764 et
974 3712 1132 3764 Andronicus
1147 3730 1162 3765 e
1174 3713 1270 3777 Caria3

165 3778 209 3849 qni
229 3794 315 3831 omnes
331 3778 362 3830 ad
382 3795 503 3833 summum
522 3782 654 3834 doctrinae
672 3782 802 3849 fastigium
821 3788 1010 3850 pervenerant,
1029 3788 1056 3832 et
1072 3780 1155 3848 potins
1172 3780 1271 3833 invidis

164 3864 242 3919 quam
259 3848 326 3900 iusto
347 3848 445 3900 calculo
463 3850 572 3903 damnati
591 3854 704 3907 fuerunt.
756 3852 821 3903 adeo
838 3867 902 3901 vero
922 3849 1000 3920 plena
1020 3849 1176 3903 confusionis
1197 3856 1272 3901 erant

165 3918 264 3987 omnia,
289 3924 319 3969 ut
339 3916 421 3969 libere
436 3910 565 3972 delatores
584 3936 641 3973 cum
659 3920 820 3972 multitudine
840 3918 988 3988 quorumvis
1008 3925 1090 3971 semet
1110 3918 1270 3971 offerentium

165 3987 254 4039 domos
272 3986 483 4053 ingrederentur,
506 3996 534 4041 et
557 3989 649 4041 obvios
667 3996 790 4071 raperent
809 3994 888 4056 atquo
909 3988 960 4039 illia
980 3986 1113 4039 traderent
1130 3987 1173 4055 qui
1194 3988 1270 4040 etiam

164 4057 277 4109 inaudita
294 4073 370 4109 causa
389 4056 517 4123 quoslibet
534 4075 626 4109 necare
642 4058 705 4111 iussr
717 4058 829 4109 fuerant.
865 4066 892 4109 et
903 4058 990 4108 borum
1002 4055 1154 4122 flagitiorum
1167 4055 1268 4123 quidam

164 4127 238 4194 quasi
249 4126 374 4193 colophon
386 4132 442 4177 erat
455 4126 566 4190 Festus,
585 4144 660 4195 quem
675 4127 707 4179 ad
720 4144 794 4179 omne
805 4125 964 4179 crudelitatis
973 4140 1055 4193 genus
1065 4132 1209 4194 proruptum
1222 4126 1268 4177 mi-

165 4204 236 4245 serat
248 4194 403 4263 imperator,
426 4202 454 4245 ut
466 4194 550 4246 Asiam
562 4196 716 4265 proconsule
727 4195 934 4259 administraret,
953 4211 986 4246 ne
998 4194 1053 4263 quis
1066 4193 1208 4247 eruditione
1219 4195 1269 4247 do-

166 4262 262 4315 ctrinae
274 4263 404 4332 praeditus
421 4274 571 4333 superaret,
589 4266 635 4318 sed
655 4266 743 4317 initum
766 4264 897 4317 consilium
916 4264 1000 4334 reipsa
1016 4262 1175 4316 succederet
1210 4280 1267 4316 nam

164 4348 220 4384 cum
231 4348 318 4387 omnes
328 4333 476 4403 indagasset
489 4334 592 4402 Festus,
611 4352 676 4405 quos
686 4334 787 4406 quidem
797 4333 970 4407 repperisset,
985 4331 1055 4387 nullu
1066 4333 1210 4403 cognitione
1221 4333 1268 4385 ad·
