3025 4892
378 293 711 411 comminutus
742 293 1008 372 msiomuua
1174 295 1249 366 333

237 483 269 544 p·
286 461 325 527 15
339 482 370 522 v.
384 464 436 528 13.
475 462 677 542 Papinianus,
709 471 838 522 tentante
854 460 968 536 iliona,
989 461 1178 543 postGetaau
1191 479 1250 522 ne*

154 560 310 626 natusest,
340 546 379 608 de
395 567 455 634 quo
470 549 649 628 imperatore
668 557 699 606 et
711 549 863 609 Antonino
879 549 918 608 ef.
930 547 1094 608 Herodian.
1114 553 1135 613 8
1159 553 1249 628 10-

236 739 269 800 p.
284 719 323 784 16
339 735 369 778 ν.
382 723 415 782 2.
455 713 553 778 illone
573 720 667 793 teste,
692 713 882 792 interfector,
909 714 957 776 oui
968 717 1115 778 Martialis
1137 738 1249 778 nomen

154 813 235 879 erat,
257 803 347 862 oaede
363 814 531 883 perpetrata
545 804 651 862 turbae
664 805 840 877 immixtus,
869 813 991 862 cruento
1011 801 1111 882 gladio
1130 807 1248 882 agnitus

152 906 281 969 poenam
293 891 433 948 meritam
447 890 520 960 luit3
549 887 720 947 Herodiano
736 899 871 964 rumora,
898 889 972 967 fuga
993 886 1120 949 eradere
1139 891 1249 950 frustra

153 987 305 1035 oonatusa
320 974 567 1054 persequentibus
582 993 684 1032 oaesus
699 985 755 1033 est.

168 1104 172 1108 Α
235 1059 277 1118 tt.
293 1079 324 1118 v.
337 1065 367 1124 8.
395 1063 427 1117 in
444 1062 563 1120 Oriente
578 1060 764 1133 amilitlbus,
786 1072 848 1116 non
860 1053 975 1118 Romae
989 1071 1030 1116 ex
1043 1068 1164 1118 senatus
1176 1079 1248 1118 sen-

150 1147 255 1220 tentia,
270 1146 398 1224 imperio
405 1147 556 1202 Maoriuus
568 1142 705 1202 admotus
718 1155 780 1216 est3
803 1145 946 1222 quoniam
958 1143 1150 1222 postmodum
1164 1146 1248 1202 milia

151 1241 218 1288 tum
230 1229 381 1309 suffragiis
397 1233 489 1288 etiam
503 1232 661 1290 auotoritas
675 1241 794 1288 senatus
810 1238 988 1302 aooesserat,
1017 1227 1051 1286 id
1067 1228 1166 1288 fraudi
1184 1231 1247 1288 for-

150 1324 230 1374 tasse
244 1318 365 1374 zosimo
383 1315 460 1390 fuit,
491 1326 525 1374 ut
541 1316 643 1374 locum
662 1327 821 1394 pemeram
836 1311 1016 1393 designaret·
1060 1313 1098 1374 de
1113 1316 1249 1374 Macrino

149 1399 385 1461 'idsflssl'odifflo
403 1399 425 1462 4
446 1400 565 1464 12⁸⁵
586 1399 619 1464 4·

234 1485 276 1544 lb.
292 1506 322 1544 r.
338 1485 370 1549 A·
412 1505 493 1559 eum,
514 1485 713 1564 Elagabalurn
724 1477 816 1563 vulgo
828 1481 951 1559 aliatum,
970 1501 1032 1543 nun
1046 1481 1153 1544 eodem
1167 1503 1246 1546 auno

151 1588 212 1651 quo
223 1573 400 1646 Maorinum,
422 1590 558 1630 summae
571 1590 672 1629 rerum
683 1572 797 1630 milites
811 1569 1035 1649 praefecerunt,
1057 1567 1111 1628 sed
1123 1581 1247 1649 postea·

151 1674 244 1736 quam
260 1675 382 1715 severae
403 1655 579 1735 disciplinas
599 1657 808 1734 impatienter,
828 1669 831 1684 ·
848 1655 984 1714 alienatio
1009 1655 1046 1712 ab
1068 1667 1104 1714 eo
1124 1657 1244 1732 munis,
1303 1699 1306 1708 .

149 1741 316 1800 Maonnum
331 1741 461 1800 emedio
476 1741 668 1800 sustulerant.

184 1859 188 1864 .
236 1824 276 1884 ib.
291 1845 322 1884 r·
339 1832 391 1892 13.
431 1819 618 1889 iteravimu-
659 1822 693 1884 id
705 1832 874 1884 nomeuest
886 1822 1044 1901 Elagabali
1057 1820 1097 1882 ad
1112 1821 1244 1902 dignita·¹

150 1917 213 1969 tem
227 1913 450 1990 imperatoriam
468 1913 580 1985 everti,
609 1908 647 1969 de
661 1929 721 1990 quo
735 1909 797 1968 rid.
810 1906 972 1968 Herodian·
994 1907 1015 1973 6
1035 1911 1133 1975 3--8
1156 1919 1186 1968 et
1205 1908 1244 1968 de

151 1999 215 2056 eius
229 2017 397 2056 auooessore
409 1995 583 2056 Alexandro
596 1996 635 2054 of·
646 1994 761 2058 idem5
776 1997 874 2058 726
896 1995 928 2056 9.

145 2133 155 2150 ,
234 2081 275 2140 ib.
292 2102 323 2140 v.
342 2083 391 2146 15·
434 2075 585 2162 pa'yoraas
598 2079 650 2142 sal
664 2067 808 2164 dyeiorarc
826 2069 1001 2157 laxoluarie.
1031 2093 1092 2136 non
1104 2074 1245 2138 'denaris

149 2167 258 2241 ueris,
287 2164 342 2226 sed
361 2170 481 2247 propris
498 2164 574 2226 haeo
593 2186 659 2225 esse
678 2162 852 2244 accipienda
873 2161 959 2222 dooat
980 2161 1133 2242 Lamprid.
1158 2183 1186 2222 a·
1205 2168 1244 2228 81

149 2270 235 2310 omne
247 2252 374 2333 demque
387 2273 545 2332 magorum
553 2268 652 2331 geum
666 2252 773 2310 oderat
786 2250 836 2308 illi
846 2247 1084 2329 operabaturque
1100 2249 1242 2328 quotidie«

150 2337 189 2395 of.
205 2336 311 2396 eadem
323 2339 415 2396 verba
429 2336 467 2396 de
482 2338 635 2396 Caracalla
649 2333 847 2398 Herodian-4
867 2338 919 2398 22.
961 2335 1008 2392 Η.
1273 2355 1278 2374 =

234 2443 265 2500 p.
280 2427 319 2485 17
330 2442 360 2479 v.
373 2428 404 2487 7.
447 2421 485 2480 de
498 2422 627 2501 Ulpiano
641 2439 718 2502 quae
732 2423 860 2494 soirnus,
881 2429 953 2478 smrt
964 2419 1027 2478 fere
1041 2418 1141 2476 omnia
1156 2419 1244 2478 Zoni*

149 2507 195 2563 mi
206 2517 236 2564 et
248 2505 431 2586 Lampridii;
464 2505 652 2565 Herodianus
672 2509 729 2565 etsi
744 2507 878 2586 aequalis
896 2505 1014 2562 nullam
1029 2504 1093 2562 eius
1113 2506 1245 2562 mentio*

150 2591 313 2648 nemfeoit.
345 2591 494 2650 Paullum
507 2601 537 2648 et
556 2591 771 2667 {suumin
786 2608 897 2668 mugm
911 2586 1153 2660 honorehohuiss
1170 2603 1245 2667 quos
1289 2651 1295 2658 ,

145 2677 316 2754 praefectos
327 2675 368 2734 od
383 2674 557 2755 Elogobolo
570 2675 807 2753 dicuntsaotor,
827 2673 884 2732 olii
896 2671 937 2730 ab
949 2675 1013 2750 ipso
1030 2671 1244 2752 (Alexandro).

150 2761 218 2820 Ael.
233 2759 423 2840 Lampridius
436 2765 468 2818 in
485 2762 545 2818 rita
559 2760 728 2818 Alexandri
744 2780 770 2818 o.
785 2757 837 2822 25.

234 2846 276 2904 ib.
291 2866 321 2904 v.
336 2851 386 2910 16.
428 2848 533 2906 Uranii
550 2843 721 2921 orriusdanr,
751 2847 805 2924 qui
825 2841 960 2902 affectato
981 2839 1113 2903 Edessae
1135 2838 1165 2899 in
1184 2844 1242 2901 (ls-

149 2926 262 2991 rlroene
283 2933 425 3010 irnperio,
455 2932 492 2988 ab
508 2929 681 2990 Alexandro
702 2947 861 3010 oppressus
874 2930 945 3004 luit,
972 2926 1053 3008 apud
1065 2927 1241 3004 syncellum

148 3016 189 3074 ad
201 3037 230 3075 a.
244 3019 306 3079 211
320 3018 434 3074 mentio
443 3019 553 3074 iniecta
566 3026 622 3075 est·

232 3101 275 3160 ib.
290 3121 320 3159 r.
337 3106 385 3166 17.
427 3099 465 3160 de
480 3101 660 3160 Alexandro
672 3101 780 3162 Sum
794 3121 849 3180 pro
861 3095 960 3158 studio
977 3105 1029 3156 aut
1042 3093 1111 3156 odio
1124 3096 1155 3154 in
1169 3115 1240 3156 eum

149 3185 312 3246 admodum
325 3185 441 3246 diversa
457 3197 487 3246 et
496 3189 576 3244 inter
586 3205 618 3245 se
634 3189 829 3268 repugnantia
841 3186 955 3242 narrari
967 3183 1038 3241 satia
1051 3192 1174 3240 constat.
1198 3182 1239 3240 oft

148 3272 303 3352 Lamprid.
318 3292 345 3330 o·
362 3276 404 3336 62
422 3277 475 3337 63.
517 3271 594 3330 forte
614 3268 668 3330 illa
686 3275 730 3357 api
747 3294 779 3334 rr
793 3265 908 3350 σώματι
923 3266 975 3330 aul
987 3261 1062 3330 eard
1078 3262 1174 3345 φύσιν
1189 3271 1240 3329 lo·

150 3364 267 3438 γισμοῑς
281 3351 466 3435 diloro‘rrooc
477 3347 519 3436 ἦν
534 3367 590 3415 eto.
613 3355 702 3416 dueta
720 3367 790 3416 sunt
810 3374 851 3414 ex
863 3356 963 3434 aliquo
978 3354 1138 3410 Maximini
1154 3371 1240 3410 ama-¹

149 3451 265 3516 torum,
293 3461 368 3523 quos
385 3441 439 3501 illa
456 3453 557 3502 narrat
574 3443 607 3500 in
627 3439 774 3500 invidiam
787 3437 953 3500 Alexandri
971 3438 1176 3498 oommentioia
1193 3440 1241 3496 iu-

151 3538 274 3601 otantes,
295 3530 381 3607 quasi
393 3527 567 3590 Alexander
581 3530 659 3586 onds
670 3523 794 3586 ooonltis
812 3536 845 3585 et·
853 3527 1003 3584 anxietate
1017 3525 1110 3582 animi
1123 3524 1241 3606 vultum

150 3611 338 3692 eoloremqua
354 3615 506 3693 totiusque
520 3615 651 3692 eorporis
664 3609 801 3670 habitum
816 3613 990 3684 mutaverit,
1024 3617 1058 3666 ut
1076 3609 1190 3687 pallore
1209 3619 1240 3666 et

149 3700 244 3756 maele
257 3699 383 3775 insignis
398 3708 486 3756 esset.
528 3699 623 3758 alium
644 3717 766 3757 sensum
783 3715 845 3755 non
860 3693 959 3755 rideo.
1003 3694 1144 3752 avaritiae
1155 3712 1241 3752 mor·

148 3781 206 3840 bus
221 3794 365 3856 matrem,
391 3801 453 3840 non
466 3781 675 3842 Alexandrum
687 3783 834 3856 vexabat,
855 3801 904 3860 ap.
915 3776 1076 3838 Herodian.
1092 3781 1112 3840 6
1134 3778 1170 3852 4,
1189 3779 1242 3838 ,oui

148 3870 247 3947 potior
257 3871 289 3926 in
300 3865 468 3926 Alexandri
481 3869 570 3926 rebus
579 3866 669 3942 tides,
695 3878 726 3926 et
744 3889 761 3925 e
774 3885 833 3948 quo
848 3867 970 3926 omniuo
983 3883 1031 3922 res
1044 3865 1125 3938 eius,
1149 3863 1242 3922 nimis

109 3960 113 3966 '
147 3954 336 4032 negligenter
349 3973 368 4010 a
382 3955 504 4012 Zosinm
517 3963 664 4028 narratae,
692 3949 916 4032 eognosoendae
931 3960 1011 4008 etmt.
1053 3949 1101 4006 Η.

231 4037 274 4096 to.
288 4055 318 4098 r.
333 4041 385 4102 20·
428 4055 506 4118 quas
523 4040 557 4096 in
568 4036 777 4096 Alexandrum
796 4037 834 4096 ab
850 4037 970 4096 Zosimo
986 4034 1154 4110 oongeritnr
1165 4048 1238 4090 ara·

148 4123 232 4184 rillae
247 4123 423 4198 criminatio,
445 4124 582 4203 quamvis
598 4121 678 4203 apud
689 4125 764 4182 alios
774 4142 836 4182 nou
850 4124 945 4201 ipsius
957 4120 1161 4197 imperatoris,
1183 4114 1239 4174 sed

146 4212 250 4270 matris
266 4211 453 4269 Mammosas
465 4227 500 4266 es
512 4209 552 4267 sit
564 4206 771 4288 reprehensio,
799 4207 944 4266 sluliano
959 4221 1078 4287 quoque
1098 4205 1150 4280 (iu
1160 4202 1238 4262 Cae·
1252 4237 1257 4246 ·

146 4291 228 4375 sar.)
252 4292 286 4355 in
311 4313 381 4355 eum
410 4292 588 4375 effunditur,
616 4312 673 4354 nso
690 4295 756 4373 ipse
773 4290 961 4354 Herodianus
982 4288 1142 4367 diffitetur,
1175 4289 1237 4346 isn-
