3025 4892
234 279 285 350 οο
555 225 562 230 ’
712 279 862 347 zosnu

234 452 394 530 κατέδυεν,
420 447 497 516 ὥστε
513 447 628 536 ἀνδρας
641 450 699 535 μὲν
711 454 985 535 πεντακισχιλίους,
1012 457 1088 529 ναῦς
1102 451 1135 517 δέ
1149 448 1338 542 αὐτάνδρους

234 560 449 643 διαφθαρῆναι
472 550 635 641 τριάκοντα
656 557 707 620 καὶ
729 552 855 635 ἑκατόν,
879 557 923 621 δι’
949 545 991 622 ὧν
1014 554 1116 639 έτυχεν
1137 553 1153 620 ὃ
1178 559 1338 634 Λικίννιος

232 666 289 726 τοῦ
314 665 448 747 στρατοῦ
472 659 564 744 μέρος
588 658 621 722 ἔκ
644 665 700 742 τῆς
719 657 847 750 Θρᾴκης
864 663 906 736 εἷς
923 659 977 744 τὴν
990 659 1094 725 Ἀσίαν
1109 661 1268 744 έκπέμφας
1286 655 1336 724 οἷα

232 761 520 848 στενοχωρουμένου
536 766 581 850 τῷ
597 760 710 845 πλήθει
729 770 790 828 τιῦν
805 762 883 846 μετά
897 764 1059 828 Λικιννίου
1075 764 1336 850 πολιορκουμένων

232 867 264 931 ίν
287 873 332 953 τῷ
354 867 521 953 Βυζαντίῳ.
574 863 723 952 φυγόντος
738 864 928 950 δέἈβάντου
943 866 1021 950 μετά
1034 864 1190 954 τεσσάρων
1203 873 1278 932 νειῦν
1295 869 1360 942 εἷςὸ

230 968 287 1052 τὴν
304 970 424 1050 Ἀσίαν,
449 967 489 1034 τά
509 968 564 1050 μέν
588 974 644 1051 τῆς
663 973 837 1053 ναυμαχίας
852 977 961 1038 τοῦτον
975 968 1181 1054 διεπολεμήθη
1197 970 1250 1036 τὸν
1264 966 1337 1057 τρό-

230 1094 305 1137 πον·
332 1075 445 1138 πλοίων
460 1073 494 1137 δέ
510 1082 640 1137 παντοῖα
659 1072 843 1156 κομιζόντων
860 1077 973 1162 φορτιά
990 1077 1033 1151 είς
1049 1075 1102 1140 τὸν
1114 1071 1337 1158 Ἑλλήσποντον

232 1176 426 1264 ἀφικομένων
447 1177 499 1240 καὶ
519 1177 662 1260 πλείστην
677 1178 851 1261 ἐπιτηδείων
864 1177 1008 1267 εὐπορίαν
1023 1187 1087 1256 τοῖς
1102 1179 1336 1244 Ιίωνσταντίνου

232 1291 413 1367 στρατηγοῖς
433 1274 679 1362 έμποιησάντων,
706 1279 853 1366 ἀνήγοντο
876 1283 932 1364 μέν
952 1272 1035 1348 οῦτοι
1058 1281 1136 1364 μετὰ
1153 1287 1210 1346 τοῦ
1224 1277 1334 1346 στόλου

232 1382 346 1460 παντὸς
360 1380 402 1461 ιῦς
416 1393 480 1460 τοῖς
494 1382 528 1448 τὸ
543 1381 712 1462 Βυζάντιον
724 1389 922 1472 πολιορκοῦσι
936 1387 1151 1469 συμμίξοντες,
1177 1380 1334 1448 κυκλωσό-
1344 1388 1379 1442 10

232 1512 317 1568 μενοι
336 1488 369 1551 δέ
384 1489 436 1552 καί
453 1487 504 1551 διά
520 1484 683 1571 θαλάσσης
695 1488 750 1572 τὴν
761 1485 865 1568 πάλιν,
888 1488 917 1552 οἳ
935 1491 968 1554 δέ
983 1491 1145 1554 Λικιννίου
1160 1489 1241 1568 πεζοὶ
1257 1486 1336 1570 μηδέ

162 1664 165 1672 ,
233 1591 289 1674 τὴν
306 1591 384 1656 θίαν
402 1597 458 1675 τῆς
475 1597 617 1673 ναυτικῆς
633 1589 791 1674 δυνάμεως
806 1589 989 1671 ῦποστάντες
996 1641 1007 1671 ,
1033 1588 1245 1676 ἐπιλαβόμενοι
1261 1595 1335 1656 νεῶν

233 1697 276 1772 εἷς
290 1694 343 1759 τὸν
354 1695 533 1760 Ἐλαιοῦντα
549 1693 707 1760 ἀπέπλεον.

337 1799 398 1867 25.
445 1799 632 1883 Ἐγκείμενος
644 1799 678 1863 δέ
688 1804 728 1884 τῇ
738 1799 899 1888 πολιορκίρι
912 1799 1158 1877 Κωνσταντῖνος,
1181 1799 1232 1862 καὶ
1242 1800 1336 1878 χεῦμα

233 1899 300 1965 ἴσον
322 1899 391 1983 έχον
414 1899 498 1983 ῦιμος
516 1907 560 1987 τῷ
575 1903 665 1982 τείχει
683 1897 929 1979 κατασκευάσας,
956 1899 1091 1988 πῦργους
1106 1925 1137 1966 τι
1155 1895 1271 1982 στήσας
1287 1900 1333 1962 tut
1345 1903 1377 1959 15

233 2008 290 2067 τοῦ
301 2001 450 2085 χώματος
464 2005 617 2082 ξυλίνους,
642 2001 853 2089 ῦφηλοτέρους
868 2009 924 2068 τοῦ
936 2005 1070 2086 τείχους,
1098 2001 1141 2067 δι’
1159 1991 1201 2068 ὧν
1215 2001 1287 2079 τοῦς
1300 2000 1335 2066 τὸ

233 2117 331 2188 τεῖχος
356 2104 567 2193 φυλάττοντας
590 2104 800 2185 κατετόξευον,
827 2102 868 2181 ιῦς
894 2103 932 2170 ἀν
953 2106 1003 2170 ἐπ’
1030 2106 1134 2182 ἀδείας
1157 2104 1262 2192 κριοῦς
1285 2107 1335 2170 καὶ

233 2207 330 2286 άλλας
353 2210 494 2292 μηχανάς
521 2214 565 2297 τῷ
590 2213 679 2292 τείχει
705 2207 873 2297 προσάγοι,
900 2210 1040 2274 διενοεῖτο
1062 2208 1118 2292 τὴν
1138 2207 1227 2274 πόλιν
1248 2205 1334 2274 ἕλεῖν.

230 2310 350 2389 τούτοις
365 2310 382 2376 ὅ
397 2315 558 2388 Λικίννιος
580 2310 788 2400 ἀποροῦμενος
809 2311 899 2398 έγνω,
923 2312 1098 2378 καταλιπὼν
1114 2312 1149 2378 τὸ
1165 2309 1335 2392 Βυζάντιον

230 2418 281 2479 καὶ
299 2417 331 2480 έν
343 2413 441 2503 τούτῳ
456 2415 490 2480 τὸ
506 2422 562 2499 τῆς
573 2423 719 2503 στρατιᾶς
734 2416 953 2501 ἀσθενέστερον
967 2412 1077 2496 έάσας,
1102 2416 1254 2499 μετὰτῶν
1268 2417 1332 2480 Zm-
1342 2423 1377 2476 20

229 2521 355 2601 τηδείων
383 2519 412 2584 οἶ
437 2522 488 2584 καὶ
516 2521 663 2603 δείγματα
692 2519 811 2596 εῦνοίας
836 2523 878 2596 είς
903 2519 996 2585 αῦτδν
1023 2520 1266 2602 ἀποδειξαμένων
1292 2523 1335 2597 εἷς

229 2621 419 2706 Χαλκηδόνα
437 2630 492 2704 τῆς
510 2626 664 2700 Βιθυνίας
682 2626 826 2712 δραμεῖν·
853 2621 1119 2712 πεπιστεῦκειγάρ
1144 2620 1185 2701 ὡς
1207 2621 1334 2708 δυνήσε-

230 2750 281 2790 ται
306 2726 452 2813 στρατιάν
477 2729 511 2791 ἐκ
536 2733 592 2811 τῆς
612 2727 716 2804 Ἀσίας
740 2725 920 2814 συναγαγών
946 2719 1040 2805 αῦθις
1065 2727 1333 2812 ἀναμαχέσασθαι.

301 2941 335 2996 17
350 2937 550 3006 mertem?

232 3145 285 3210 que
296 3127 373 3194 milia,
391 3145 471 3183 naves
483 3145 540 3182 cnm
551 3127 693 3182 bominibus
704 3132 806 3182 centum
817 3132 845 3181 et
854 3127 960 3200 triginta
971 3129 1099 3200 perirent3
1116 3126 1207 3198 quibus
1219 3143 1234 3180 e
1245 3125 1332 3182 Thra·
1377 3125 1383 3148 “

231 3214 271 3250 cta
281 3207 381 3268 partem
393 3198 521 3251 exercitus
530 3199 557 3251 in
568 3200 654 3252 Asiam
665 3197 778 3250 Licinias
788 3204 925 3267 propterea
936 3198 1118 3266 transmiserat,
1136 3195 1204 3266 quod
1213 3197 1265 3249 iilis
1276 3215 1333 3251 cum

232 3284 263 3319 eo
275 3267 343 3319 intra
355 3267 444 3318 urbem
456 3267 568 3320 obsessis
575 3267 727 3336 Byzantium
756 3283 801 3319 raa
812 3267 970 3320 multitudine
981 3267 1052 3320 nimis
1064 3273 1146 3319 artum
1159 3265 1257 3318 fuisset.
1276 3283 1333 3320 cum

231 3341 316 3387 sumna
326 3335 353 3387 in
365 3335 452 3388 Asiam
464 3336 572 3388 navibus
583 3343 705 3418 quattuor
715 3286 832 3389 simun
843 3337 992 3406 aufugisset,
1009 3343 1036 3389 et
1047 3336 1136 3389 navale
1147 3335 1271 3406 proelium
1282 3337 1333 3389 hoa

229 3405 304 3456 inodo
326 3414 466 3486 pugnatum
474 3411 568 3486 θεαταὶ,
590 3422 691 3474 tamque
712 3422 791 3458 naves
809 3405 842 3487 asi
858 3406 1053 3488 Hellespontum
1073 3406 1249 3487 appulissent,
1265 3423 1333 3474 quae

229 3488 399 3594 uitta*
409 3482 767 3608 tantustantus
776 3492 876 3596 titt
887 3474 1333 3614 53?ttttbitttttttttb

229 3610 382 3679 iungerent,
402 3617 430 3662 et
449 3611 538 3664 urbem
557 3612 619 3664 mari
637 3629 740 3682 quoque
757 3612 899 3681 cingerent.
934 3613 1024 3666 Licinii
1040 3614 1140 3683 pedites
1159 3630 1215 3665 aum
1227 3631 1332 3678 nacon-

228 3695 242 3731 s
261 3687 345 3734 ectum
366 3679 467 3749 quidem
487 3681 618 3750 copiarum
637 3681 737 3736 illarum
756 3683 914 3736 nauticarum
932 3681 1127 3750 sustinuissent,
1142 3681 1246 3752 navigia
1263 3681 1333 3736 σασα·

252 3748 379 3802 laeantem
392 3749 573 3806 discesserunt.
788 3749 791 3762 '

295 3818 338 3873 25.
374 3818 561 3872 Constantinus
578 3820 734 3874 obsidionem
746 3837 841 3890 argens
853 3836 909 3874 cnm
921 3837 1040 3890 aggonem
1052 3820 1122 3891 paris
1134 3837 1189 3874 cum
1203 3819 1281 3874 muris
1292 3819 1331 3871 al·

225 3887 340 3942 titudinis
359 3887 515 3952 excitasset,
533 3895 560 3942 et
579 3896 665 3943 turres
683 3890 783 3958 ligneas
801 3891 857 3960 ipso
869 3907 939 3942 mura
952 3889 1110 3943 sublimiores
1121 3889 1146 3942 in
1158 3907 1255 3958 aggere
1269 3906 1331 3942 can-

222 3958 364 4022 stituisset,
382 3957 415 4009 da
434 3958 526 4026 quibus
542 3960 607 4011 muri
624 3959 773 4012 defensores
792 3959 852 4012 telis
869 3960 1037 4028 petebantur,
1056 3965 1085 4012 ut
1104 3958 1199 4012 arietes
1214 3958 1330 4029 aliaeque

225 4027 359 4080 machinae
370 4043 441 4078 muro
453 4027 520 4079 eitra
530 4028 668 4097 peniculum
680 4028 893 4095 admoverentur,
911 4030 999 4082 urbem
1011 4045 1104 4097 capere
1116 4045 1145 4081 co
1164 4027 1253 4081 'tabat
1289 4027 1329 4080 his
1356 4083 1360 4091 ,

225 4094 338 4150 Licinius
349 4096 382 4149 ad
394 4095 505 4164 inopiam
516 4097 612 4150 consilii
623 4097 743 4152 redactus
751 4098 843 4150 statuit
850 4099 954 4150 deserto
961 4097 1098 4166 Byzantio,
1110 4103 1138 4149 at
1145 4045 1239 4150 ffiidem
1249 4111 1328 4149 exer-

226 4165 291 4217 citus
305 4164 441 4218 infirmiori
460 4172 536 4235 parte
553 4165 660 4233 relicta,
680 4183 736 4219 cum
751 4166 860 4220 maxime
876 4165 924 4218 sibi
938 4165 1105 4234 necessariis,
1121 4165 1164 4248 qui
1177 4173 1204 4217 et
1214 4167 1330 4219 benevo-

226 4233 329 4287 lentiam
340 4234 365 4287 ei
376 4252 450 4288 suam
460 4235 634 4305 probaverant
632 4275 650 4358 J
669 4235 857 4290 Chaicedonem
870 4234 1008 4358 Βίιῦραίοο
1019 4251 1093 4304 quam
1104 4251 1209 4303 pnmum
1221 4251 1250 4287 se
1261 4234 1330 4287 seci-

224 4320 302 4374 peret
319 4319 377 4359 nam
394 4303 454 4358 fieri
469 4321 547 4375 pesse
561 4303 631 4358 eradi
650 4311 752 4360 enatat
771 4323 803 4360 ax
821 4304 883 4359 Asia
894 4305 933 4359 col
944 4313 1001 4358 eata
1013 4303 1126 4358 exercitu
1138 4303 1270 4358 dimicaret
1282 4303 1331 4356 de-
