3025 4892
492 259 572 330 ΜΒ.
592 262 612 328 5
635 259 720 330 CAP.
744 264 798 330 88.
824 265 876 329 89.
897 261 949 330 tu.
1191 265 1266 336 303

161 459 218 524 ρον
235 429 368 521 έκόστης
378 429 495 523 ἥμίρας
506 435 743 519 δαπανωμένου,
765 431 831 502 eino
842 439 899 521 τῆς
914 431 1030 516 ένδιέας
1045 431 1268 522 ίπιτεινομένης

159 537 197 607 τό
219 541 333 626 τρίτον.
383 541 435 604 καί
451 537 553 623 έπειδὴ
568 541 704 624 μηδεμία
719 545 775 625 τῆς
790 545 848 607 rori
863 547 959 606 κακοῦ
972 543 1141 629 θεραπείας
1153 532 1191 624 ἦν
1203 569 1266 626 μη-

159 639 258 727 χανή,
282 642 324 708 τὰ
341 642 375 708 δέ
389 649 428 730 τῇ
442 645 551 730 γαστρί
566 649 748 728 βοηθοῦντα
759 641 862 710 κιόντα
878 645 1014 726 έπέλιπε,
1040 647 1121 734 λιμῷ
1136 645 1215 710 κατὰ
1229 641 1265 710 ari

163 747 243 824 εέκδς
257 744 340 833 ἐπῄει
356 745 462 829 λοιμός
477 749 529 812 καί
541 745 642 814 πάντα
656 739 696 833 ἦν
706 754 821 835 νεκρῶν
835 745 986 832 σωμάτιον
1000 745 1109 831 μεστοί.
1158 757 1213 833 τῆς
1230 751 1265 814 di

136 848 279 928 δπόλεως
295 844 352 928 ἔξω
368 847 547 917 θάπτεσθαι
561 858 623 917 τῶν
637 848 790 935 σωμάτων
803 852 839 918 οδ
857 851 1032 934 δυναμένων
1057 853 1183 937 (πᾶσαν
1204 853 1264 940 γὰρ

162 953 270 1032 ἴξοδον
283 951 454 1042 έφόλαττον
469 955 499 1020 oi
512 955 673 1040 πολέμιοι)
699 953 799 1043 τάφος
815 947 855 1041 ἦν
869 951 889 1041 ἦ
903 954 991 1033 πόλις
1003 962 1063 1022 τῶν
1077 953 1264 1033 τεθνεώτων,

162 1057 307 1124 ὥστεκαὶ
324 1055 514 1137 ἅλλωςείναι
530 1057 565 1124 ri
579 1061 694 1146 χωρίον
711 1058 854 1144 ἀοίκητον
859 1105 870 1140 ,
896 1059 999 1148 ἀρκεῖν
1020 1085 1071 1140 τε,
1097 1059 1125 1125 εί
1147 1061 1197 1124 καί
1219 1059 1264 1142 μὴ

160 1167 281 1250 τροφῆς
297 1153 336 1246 ἦν
354 1160 480 1242 σπόνις,
505 1165 549 1240 είς
563 1160 715 1246 σωμάτων
731 1162 910 1251 διαφθορὰν
926 1163 981 1247 τὴν
998 1161 1057 1230 eiad
1073 1170 1136 1229 τῶν
1152 1168 1265 1248 νεκρῶν

161 1266 386 1350 ἀναδιδομένην
414 1262 522 1349 ὀσμήν.
574 1264 724 1352 ἐπήρκουν
745 1267 780 1332 δέ
799 1272 925 1345 πολλοῖς
947 1271 991 1344 είς
1010 1263 1045 1333 τδ
1066 1265 1265 1350 μεταδιδόναι

121 1375 224 1440 univ
244 1370 417 1455 ἀναγκαίων
434 1372 546 1438 Auito
571 1367 592 1456 ἦ
616 1373 647 1434 Γ
644 1375 792 1458 ρατιανοῦ
812 1368 1052 1454 βασιλεύσαντος
1073 1369 1188 1457 γαμετὴ
1212 1372 1265 1434 καί

161 1472 344 1559 Πισσαμίνη
363 1470 384 1558 ἦ
401 1471 503 1562 μήτηρ
523 1471 652 1558 ταότης·
677 1479 735 1541 aori
745 1469 805 1562 γὰρ
822 1477 970 1560 δημοσίου
982 1479 1144 1559 βασιλικῆς
1157 1473 1265 1551 αὖταῖς

162 1579 312 1664 τραπέζης
331 1575 519 1656 ἐπιδιδόντος
535 1575 749 1666 παρασκευήν,
775 1577 835 1644 ἀπό
859 1579 1025 1646 Θεοδοσίου
1043 1574 1159 1662 ταύτην
1174 1575 1264 1662 tzod-

162 1705 233 1758 σαις
245 1681 301 1766 τὴν
318 1678 454 1769 δωρεάν,
477 1681 534 1748 oria
548 1681 643 1768 dliyor
657 1681 710 1748 dmi
722 1681 780 1766 τὴν
793 1688 855 1748 τῶν
867 1689 1016 1770 γυναικῶν
1028 1683 1265 1772 φιλανθρωπίαν

162 1783 216 1849 τὸν
231 1783 321 1868 λιμόν
336 1787 370 1850 έκ
385 1793 440 1870 τῆς
454 1785 555 1852 attur
570 1788 668 1864 οέκέας
682 1789 928 1873 παρεμυθοῦντο.

121 1903 157 1960 16
265 1885 328 1958 40.
374 1885 432 1967 Ὡς
446 1891 480 1955 dd
494 1893 538 1967 εἰς
551 1889 680 1974 ἔσχατον
692 1897 749 1955 τοῦ
762 1895 860 1957 aurati
873 1885 1031 1977 προίόντος
1045 1892 1096 1954 καί
1112 1889 1155 1968 είς
1170 1887 1267 1974 ἄλλη-

162 1993 316 2080 λοφαγέαν
327 1993 429 2059 έλθεῖν
441 1991 669 2075 έκινδόνευσαν,
694 2001 757 2061 τῶν
772 1993 874 2060 ἄλλων
890 1987 1032 2060 ἁπάντων
1049 1991 1108 2060 ὅσα
1123 1990 1267 2078 έξιίμστα

162 2091 239 2162 εἶναι
263 2121 328 2175 τοις
352 2095 531 2184 ἀνθρώποις
553 2095 649 2164 δδόκει
678 2099 910 2186 πεπειραμένοι,
944 2099 1107 2186 πρεσβείαν
1132 2096 1267 2182 δ’γνιυσαν

162 2205 279 2266 στεῖλαι
300 2199 378 2289 πρός
400 2199 454 2267 τόν
478 2203 640 2285 πολέμιον,
665 2202 897 2290 ιλπαγγελοῦσαν
915 2199 962 2268 ὅτι
981 2204 1033 2267 καί
1052 2196 1130 2288 πρὸς
1146 2197 1267 2294 &privar

162 2306 238 2369 εἰσίν
260 2305 376 2388 ἕτοιμοι
395 2305 431 2371 τό
455 2306 580 2395 μέτριον
600 2307 731 2390 ἔχουσαν
751 2311 804 2373 καί
825 2306 903 2394 πρός
920 2303 1053 2390 πόλεμον
1070 2301 1266 2392 ἑτοιμότερα,

119 2413 220 2478 tornai
235 2405 396 2492 Ῥωμαίων
418 2407 519 2492 δήμου
544 2413 596 2476 καί
616 2407 825 2495 ἀναλαβόντος
845 2408 925 2476 ὅπλα
943 2413 995 2476 καί
1010 2415 1050 2498 τῇ
1065 2417 1186 2492 συνεχεῖ
1197 2409 1278 2495 περί·

161 2516 262 2576 ταῦτα
275 2513 386 2598 μελέτη
400 2513 509 2598 μηκέτι
523 2513 602 2602 πρὸς
616 2513 652 2580 τό
669 2518 810 2598 πολεμεῖν
827 2514 1039 2591 δποκνοῦντος.
1090 2512 1266 2600 αίρεθέντος

162 2615 198 2680 δέ
209 2621 398 2705 πρεσβευτοῦ
407 2619 585 2701 Βασιλείαν,
605 2617 640 2685 nd
654 2619 810 2706 μὲνγένος
822 2612 1150 2705 ίλκυντοςίξἸβήρων,
1169 2613 1267 2704 ἐπόρ-

230 2772 383 2835 tautam
398 2775 489 2852 volgo.
590 2774 769 2837 δίατεσθαι
784 2776 816 2838 ia.
922 2771 990 2850 11η
1009 2777 1135 2836 emund.

161 2911 289 2970 duntaxat
308 2923 409 2986 partem
427 2918 484 2972 eiua
501 2919 659 2990 coquendam
675 2921 746 2990 quod
764 2925 842 2990 auten
857 2919 974 2990 ringulae
988 2919 1014 2971 in
1033 2917 1088 2970 dier
1101 2923 1265 2984 erogaretnra

161 2985 221 3039 binc
243 3001 397 3054 augescente
416 2989 523 3058 penuria
540 2991 650 3043 tertiam.
685 3002 714 3043 et
724 2991 785 3060 quia
796 2990 889 3044 nullum
906 2987 1047 3056 excogitari
1059 2986 1209 3056 potuiturali
1221 3005 1267 3038 aa·

160 3057 240 3109 nandi
253 3057 404 3126 remedium,
421 3059 522 3128 iamque
532 3073 626 3112 anneta
637 3060 734 3112 ventria
743 3059 846 3113 inediae
860 3058 1035 3114 succurrentia
1045 3057 1206 3118 deiecerant,
1224 3057 1267 3108 la·

161 3141 244 3191 nem,
261 3142 309 3179 ceu
320 3135 516 3180 consentaneum
528 3136 595 3194 erat,
611 3129 692 3199 peatia
704 3130 859 3200 excipiebat,
875 3136 903 3182 et
914 3129 999 3180 omnia
1009 3127 1085 3197 plena
1097 3123 1267 3178 cadaveribua

162 3203 246 3250 eraut.
281 3212 389 3266 cumque
406 3214 456 3249 non
476 3206 583 3267 poaaent
593 3206 668 3250 extra
680 3200 769 3251 urbem
781 3197 883 3269 sepeliri
896 3198 1038 3261 cadavera,
1055 3195 1123 3264 quod
1136 3211 1221 3248 omnen
1232 3209 1266 3247 ex

162 3263 228 3318 orbe
238 3264 293 3317 viar
304 3267 391 3319 boatea
402 3267 559 3335 obsiderent,
576 3269 639 3320 urba
649 3268 706 3336 ipae
717 3274 874 3320 murmurum
887 3265 1033 3336 repulerunt
1045 3272 1115 3332 erat,
1133 3263 1196 3316 adeo
1209 3263 1267 3332 qui·
1279 3327 1283 3337 .

162 3333 220 3385 dem
231 3341 261 3386 ut
271 3342 341 3388 earet
350 3335 462 3406 alioquin
474 3335 549 3389 etiam
560 3337 587 3389 in
597 3338 662 3389 urbe
672 3336 802 3401 rolitudor
827 3351 858 3388 ae
878 3337 899 3388 ai
916 3335 1025 3390 maxima
1037 3334 1105 3386 nulla
1117 3333 1207 3386 luiaaet
1218 3331 1267 3385 aliu

162 3409 304 3456 mentorum
320 3405 444 3473 penuria,
462 3406 505 3458 vel
525 3405 647 3459 eabelaaa
657 3423 673 3459 e
683 3405 852 3460 oadareribua
863 3405 949 3458 ioetor
960 3405 992 3458 ad
1005 3403 1141 3456 inficienda
1152 3417 1268 3454 eorrum-

162 3472 297 3593 &noeque
309 3490 419 3543 οοιροικ
430 3476 576 3528 aulieeiaaet
618 3475 789 3544 eompiuribor
800 3482 884 3528 antam
897 3473 979 3527 cibum
992 3471 1034 3528 diu
1045 3491 1107 3526 eane
1118 3471 1268 3542 sappedita-

198 3547 226 3592 nt
243 3541 339 3606 Ιιοοίιι,
364 3543 484 3596 Gratiani
500 3544 627 3613 quondam
639 3544 761 3615 principia
773 3545 881 3613 coniux,
899 3545 1005 3614 eiuaqua
1017 3537 1267 3596 materPiaaamena.

162 3609 258 3680 quippe
275 3611 343 3678 quod
360 3629 392 3665 ex
409 3612 566 3667 liberalitate
584 3614 724 3667 Theodosii
739 3615 820 3666 liaoua
839 3613 875 3666 eia
893 3622 1043 3683 apparatum
1061 3627 1162 3665 meusne
1180 3611 1268 3678 regino

160 3681 309 3748 praeberet,
325 3683 471 3750 nanneni,
488 3700 556 3754 quae
567 3684 656 3738 berum
665 3684 797 3736 mulierum
809 3691 866 3736 erat
876 3683 1031 3746 humaniter,
1048 3693 1082 3735 ex
1094 3697 1180 3735 earum
1191 3680 1267 3733 domo

159 3749 252 3804 amem
263 3748 424 3803 relabantur.

230 3817 274 3870 40.
310 3817 375 3872 Cum
390 3827 475 3874 autem
486 3821 552 3874 maio
564 3821 597 3874 ad
608 3825 748 3876 extremum
760 3836 899 3890 progrearo
910 3813 1051 3891 perieulum
1062 3823 1149 3884 earet,
1165 3833 1198 3868 ne
1209 3823 1268 3868 tan·

160 3885 218 3940 dem
230 3903 262 3939 eo
272 3887 450 3955 redigerentur
461 3897 490 3942 ut
500 3899 587 3943 mutuo
597 3908 627 3944 ae
637 3898 774 3956 vorarent,
791 3886 897 3942 tentatis
915 3889 1032 3942 omnibus
1044 3887 1099 3940 aliis
1110 3903 1176 3957 quae
1186 3882 1267 3938 humi·
1383 3906 1386 3912 Δ

89 3968 92 3979 ·
161 3955 237 4008 nibua
255 3956 333 4009 etiam
352 3957 532 4012 abominabilia
548 3959 677 4029 videntur,
686 3977 761 4018 erae.
785 3957 940 4028 legationem
955 3953 1101 4010 mittendam
1118 3951 1151 4007 ad
1170 3955 1269 4008 boetem

162 4033 294 4095 metuunt,
320 4041 389 4096 qaae
406 4027 588 4082 denuntiarent
599 4030 720 4082 obaeeaoa
731 4035 758 4082 et
769 4027 802 4080 ad
814 4045 902 4098 paoem
915 4037 1019 4096 parator
1031 4043 1103 4090 eree,
1120 4019 1195 4076 modo
1207 4041 1269 4076 cou·

162 4093 278 4148 dicionea
297 4113 327 4148 ea
344 4095 486 4150 mediocres
506 4098 630 4162 baberet,
647 4106 675 4151 et
685 4098 717 4150 ad
728 4096 852 4168 proelium
865 4095 1022 4167 paratiores,
1039 4101 1208 4164 posteaquam
1221 4109 1270 4162 po·

161 4163 237 4234 polus
245 4164 377 4219 Romanor
388 4174 417 4219 et
427 4167 656 4235 armaaumpaiaaet
664 4168 692 4220 in
702 4183 791 4220 manua
802 4173 875 4219 etex
886 4181 973 4219 eorum
985 4163 1140 4217 tractatione
1149 4159 1269 4216 nontinua

161 4247 215 4285 noa
233 4251 273 4287 am
361 4252 480 4304 pugnare
497 4236 658 4291 formidaret
695 4235 795 4289 delecto
808 4233 842 4288 ad
853 4237 918 4288 banc
929 4233 1079 4302 legationem
1093 4227 1205 4295 Baailio,
1223 4227 1268 4300 qai

160 4316 257 4370 W
275 4234 407 4377 Qum
422 4311 481 4360 mi
497 4305 674 4378 pauidique
688 4303 837 4378 provintiae
851 4299 1001 4377 dignitatem
1012 4303 1135 4374 adeptam,
1151 4297 1268 4355 comitem
