3025 4892
503 279 584 348 ult
608 285 631 346 2
655 279 742 350 GAP.
766 278 820 350 42
844 277 897 349 43.
925 275 979 350 44.
1215 277 1287 352 109

185 448 270 537 ὅμως
281 450 453 531 ἐπεξελθεῖν
467 448 587 539 ἰγνῶκει
600 456 653 520 καὶ
670 456 876 543 Βετρανίωνα.
926 457 1024 520 ταῦτα
1042 449 1076 518 δέ
1091 448 1190 520 alred
1202 457 1286 539 λογι-

185 559 311 639 ζομένου
331 560 384 622 καὶ
403 558 438 621 έν
455 568 663 645 παρασκευαῖς
684 558 772 638 ὄντος
776 607 787 640 ,
809 560 1004 643 Μαγντντέου
1026 560 1235 644 διατρίβοντος
1253 559 1286 624 έν

185 663 315 738 Κελτοῖς
320 708 331 741 ,
356 661 554 739 Νεπωτιανδς
570 663 604 740 ἕξ
623 662 759 750 ἀδελφῆς
779 664 1010 728 Κωνσταντένου
1028 665 1149 746 τεχθεὶς
1165 661 1286 747 Εὐτρο-

185 766 259 842 πέας
277 763 391 848 ὄνομα,
416 764 594 851 συναγαγὼν
614 771 736 851 πλῆθος
747 767 784 833 οὗ
797 764 1000 832 καθεστώτων
1017 761 1189 851 ἀνθρώπων
1204 765 1284 829 dila

134 870 310 960 ‘5lporrlp
335 871 388 934 καὶ
417 869 653 958 έκδεδιῃτημένῳ
674 874 735 959 βίῳ
756 871 796 936 τὰ
820 869 899 936 καθ’
924 867 1051 946 ἱαυτοδς
1074 866 1284 955 παραδόντων,

184 970 280 1038 ἔπεισι
294 977 334 1058 τῇ
346 967 449 1060 Ῥώμῃ
462 974 623 1059 βασιλικὸν
637 981 742 1059 σχῆμα
755 971 881 1052 δεικνύς.
909 971 1065 1058 Ἀνικήτου
1082 973 1115 1038 δέ
1129 978 1185 1037 τοῦ
1198 970 1284 1060 παρά

183 1078 379 1161 Μαγνεντέου
399 1079 647 1155 κατασταθέντος
659 1075 801 1164 ὑπάρχου
816 1085 872 1163 τῆς
889 1077 985 1160 αὕλῆς
999 1083 1061 1142 τῶν
1076 1075 1136 1142 ἀπὸ
1156 1081 1211 1141 τοῦ
1226 1073 1284 1158 δῆ-

182 1203 244 1262 μου
268 1179 354 1256 τινάς
376 1183 591 1259 έξοπλάτανιος
614 1184 667 1246 καὶ
688 1189 744 1267 τῆς
761 1178 1088 1268 πόλεωςέξαγαγόντος
1105 1176 1147 1256 ὡς
1165 1179 1203 1262 δὴ
1218 1185 1283 1244 Νε-

96 1300 104 1316 ·
182 1289 327 1371 πωτιοινῷ
341 1282 585 1367 πολεμήσοντας,
611 1284 696 1370 μάχη
714 1287 771 1369 μέν
787 1289 897 1372 ἐγένετο
911 1281 1061 1372 καρτερά,
1086 1290 1147 1348 τῶν
1163 1285 1197 1348 δέ
1206 1279 1283 1347 Ῥω-

143 1389 283 1469 1ομαέων
306 1383 359 1452 οἷα
380 1389 419 1472 δὴ
442 1388 574 1476 ἀπείρων
587 1393 638 1456 καὶ
653 1388 850 1456 ἀσυντάκτων
865 1389 901 1454 οὗ
918 1387 974 1454 σδν
987 1391 1092 1475 πολλῷ
1106 1383 1190 1474 πόνῳ
1206 1411 1283 1472 τρα-

181 1491 312 1572 πέντων,
338 1489 506 1577 φεύγοντας
525 1493 637 1570 αὖτοδς
651 1490 667 1556 ὅ
682 1500 738 1577 τῆς
755 1494 851 1575 αὐλῆς
865 1491 1003 1578 ὕπαρχος
1020 1488 1212 1571 θεασάμενος
1231 1491 1283 1553 καὶ

180 1594 229 1658 ἐπὶ
252 1601 292 1681 τῇ
312 1592 398 1659 πόλει
419 1596 528 1672 δεδιὼς
551 1596 608 1673 τάς
631 1594 730 1673 πάλας
754 1596 941 1660 ἀπέκλεισεν·
972 1593 1025 1671 ab}
1042 1594 1078 1658 ori
1096 1592 1283 1676 δυνηθέντας

182 1699 340 1783 διαφυγεῖν
362 1695 573 1775 ἐπιδιώξαντες
593 1699 623 1763 oi
640 1705 842 1764 Νεπωτιοινοῦ
864 1705 1047 1784 στρατιῶται
1063 1693 1180 1772 πάντας
1196 1691 1282 1758 άπά-

180 1804 284 1865 λεσαν.
324 1801 404 1865 ἀλλὰ
414 1802 611 1866 Νιπωτιανδν
625 1803 681 1884 μέν
695 1802 731 1867 οὗ
748 1807 876 1878 πολλοῖς
892 1798 1020 1887 ἡμέραις
1032 1797 1159 1885 ὕστερον
1171 1798 1283 1879 ἐκπέμ-

140 1912 248 1986 15ψας
263 1905 457 1990 Μαγνέντιος
473 1903 612 1988 δύναμιν,
634 1902 802 1990 ἡγουμένου
820 1906 1037 1992 Μαρκελλίνου
1052 1909 1107 1968 τοῦ
1116 1901 1172 1983 τὴν
1184 1901 1282 1987 ἀρχὴν

180 2008 436 2094 έπιτετραμμένου
454 2015 517 2073 τῶν
533 2012 601 2097 περὶ
616 2009 673 2092 τὴν
688 2009 785 2091 αὐλὴν
797 2007 912 2086 τάξεων
917 2057 928 2088 ,
954 2005 989 2072 δν
1004 2003 1172 2092 μάγιστρον
1185 2005 1282 2091 ὀφφι-

105 2093 111 2106 “
179 2113 253 2175 κέων
266 2117 429 2191 καλοῦσιν,
457 2111 574 2178 ἀνεῖλε·
626 2109 720 2196 (44)
747 2109 963 2188 Κωνστάντιος
978 2111 1012 2176 δέ
1027 2113 1060 2174 ἐκ
1076 2115 1131 2192 τῆς
1143 2105 1223 2196 ἑῴας
1233 2110 1283 2172 ἐπὶ

178 2213 232 2278 τὸν
255 2214 335 2280 κατά
356 2218 551 2300 Μαγνεντέου
579 2213 711 2297 πόλεμον
735 2213 907 2303 έξορμήσοις
932 2212 1022 2302 ᾠήθη
1051 2216 1113 2278 δεῖν
1135 2209 1282 2299 πρότερον

178 2319 268 2404 τέχνῃ
290 2319 349 2383 τινὶ
371 2322 473 2406 (pricos
490 2317 591 2407 ἑαυτῷ
606 2323 803 2407 Βετρανίωνα
819 2325 1009 2402 καταστῆσαι
1026 2315 1078 2382 διά
1093 2315 1128 2380 τὸ
1142 2315 1187 2400 μὴ
1206 2314 1283 2402 πρὸς

137 2418 238 2490 milvio
262 2421 367 2486 λοιπὸν
389 2420 522 2504 πόλεμον
545 2423 625 2488 ἀλλὰ
646 2423 723 2510 πρὸς
744 2425 797 2488 ἕνα
817 2420 965 2510 τύραννον
982 2421 1069 2504 ἔχειν.
1119 2420 1232 2504 ἐγένετο
1248 2417 1282 2484 δέ

179 2525 232 2590 καὶ
244 2527 428 2613 Μαγνεντίῳ
441 2525 560 2609 σπουδὴ
576 2526 633 2609 τὴν
644 2529 749 2613 φιλίαν
762 2525 992 2592 ἐπισπάσασθαι
1007 2524 1218 2611 Βετρανίωνος
1229 2521 1281 2588 καὶ

178 2624 236 2693 οὖν
258 2627 344 2717 αὐτῷ
362 2628 416 2694 τὸν
431 2628 509 2716 πρὸς
523 2626 738 2695 Κωνστάντιον
752 2631 997 2715 διαγωνίσασθαι
1013 2625 1156 2708 πόλεμον.
1206 2621 1280 2690 ἕκα-

246 2789 401 2846 bAurelias
415 2789 508 2844 Viator
522 2791 703 2845 Potentiaaus.
840 2785 1038 2842 Κοιοταντὶου
1056 2787 1117 2842 nur
1134 2803 1194 2841 eom
1209 2787 1230 2840 S
1246 2805 1280 2841 ex

247 2859 376 2930 Eutropio
393 2867 421 2914 et
436 2859 550 2915 Paeanis
568 2864 603 2916 10
619 2864 636 2916 6
653 2862 678 2914 6.
801 2855 819 2913 b
836 2851 1021 2930 ἐκδιῃτημέυῳ
1036 2857 1069 2912 Ρ.
1192 2857 1209 2910 6
1225 2857 1279 2910 τοῦ

246 2929 298 2982 add
316 2936 375 3000 post
389 2927 468 2994 παρὰ
485 2931 517 2983 P.
639 2931 673 2986 16
688 2923 903 2998 ἐπιτεταγμένον
920 2926 975 2980 [ιΡ.
1096 2927 1130 2983 19
1147 2925 1231 2996 φίλου
1246 2927 1281 2982 Ρ.

245 2999 282 3053 20
295 2996 418 3067 πόλεμον
434 3015 477 3053 om
492 2999 524 3054 Ρ.

174 3135 274 3192 statuit
308 3135 368 3190 dara
387 3137 451 3190 haee
463 3153 549 3191 secam
566 3135 666 3206 mgitat
676 3135 739 3190 etin
749 3138 878 3207 apparata
890 3137 963 3188 totas
973 3137 1028 3199 est,
1045 3131 1114 3204 apud
1126 3131 1216 3188 Celtas
1233 3131 1280 3187 ad-

175 3204 228 3260 hue
237 3207 362 3259 baereate
372 3206 537 3276 Magnentio,
554 3206 716 3276 Nepotianus
727 3223 818 3258 sorore
826 3203 989 3258 Constantini
999 3204 1118 3268 genitus,
1135 3202 1176 3254 aui
1187 3219 1280 3256 nomeu

175 3275 314 3343 Eutropia,
331 3277 441 3328 collecta
454 3276 616 3329 multitudine
626 3293 677 3330 non
688 3292 808 3328 sanorum
821 3275 956 3339 bominum,
972 3273 1017 3325 sed
1028 3271 1169 3325 latrociniis
1181 3279 1209 3324 et
1218 3271 1279 3324 luxu

175 3344 294 3414 perditae
304 3343 376 3398 vitae
386 3346 545 3410 deditorum,
563 3347 669 3399 Romam
685 3345 797 3397 accessit
806 3351 834 3396 et
843 3342 1008 3414 imperatorio
1020 3359 1049 3394 se
1061 3341 1149 3394 babitu
1160 3348 1280 3409 spectan-

176 3412 236 3465 dam
247 3413 371 3466 exhibuit.
406 3415 453 3467 sed
465 3432 521 3469 aum
531 3415 559 3466 in
571 3432 628 3468 euru
642 3414 754 3480 Anicius,
773 3431 847 3482 quem
858 3411 1022 3481 Magnentius
1033 3413 1190 3480 praelectum
1220 3426 1279 3462 rae-

174 3481 238 3534 torii
255 3483 437 3550 constituerat,
455 3484 691 3554 quosdameplebe
708 3489 848 3550 armasset,
864 3489 892 3533 et
904 3480 1037 3534 eduxisset
1046 3481 1111 3533 urbe
1123 3495 1178 3532 cum
1218 3497 1280 3549 epo-
1358 3497 1363 3518 ⁸

175 3550 245 3602 tiano
256 3550 434 3619 dimicaturos,
452 3570 513 3604 aare
523 3553 647 3623 proellum
662 3553 817 3605 oommissum
831 3551 887 3603 luit.
924 3549 1045 3604 Romanis
1058 3555 1183 3602 autemut
1196 3548 1278 3617 impe·

176 3619 234 3672 ritis
253 3628 282 3672 et
299 3620 412 3673 ordinem
425 3621 519 3674 nullum
529 3623 694 3676 serventibus
704 3638 755 3674 non
767 3637 858 3688 magno
869 3619 958 3672 labore
969 3619 995 3672 in
1007 3619 1092 3687 lugam
1104 3617 1185 3682 actis,
1202 3633 1278 3686 prae-

174 3690 259 3742 feotus
278 3690 403 3758 praetorii
421 3690 549 3758 lugierues
569 3692 732 3760 conspicatus
743 3697 772 3743 et
782 3689 852 3743 urbis
864 3689 1000 3758 periculam
1020 3687 1119 3740 veritus
1148 3696 1221 3738 ortas
1232 3702 1278 3738 οο-

175 3757 259 3810 alusit.
292 3757 382 3827 itaque
401 3757 541 3828 Nepotiani
560 3759 654 3812 milites
672 3761 720 3812 bos
738 3775 840 3824 omnes,
860 3757 949 3826 utqui
967 3755 1057 3809 nullam
1070 3773 1119 3809 eva
1138 3754 1195 3807 endi
1208 3755 1277 3807 viam

173 3826 291 3879 invenire
308 3827 466 3896 patuissent,
483 3829 650 3884 trucidarunt.
683 3828 730 3880 sed
748 3827 922 3897 Nepotianum
943 3825 1106 3892 Magnentius
1125 3841 1174 3875 non
1192 3823 1278 3874 multis

175 3903 235 3965 post
250 3896 341 3948 diebus
357 3896 472 3949 exercitu
488 3898 566 3950 misso
586 3898 653 3950 duae
671 3896 839 3964 Marcellino,
858 3894 899 3946 cui
912 3895 1069 3946 commissum
1080 3891 1172 3946 eratin
1185 3891 1277 3959 palati·

174 3981 222 4016 aaa
241 3965 343 4018 ordines
360 3964 492 4048 imperium
510 3965 640 4035 (Romani
659 3967 807 4034 magistram
825 3963 967 4016 officiorum
990 3961 1119 4030 vocant),
1137 3959 1277 4014 interfecit.

176 4031 253 4102 (44)
270 4034 439 4087 Constantius
455 4044 554 4098 autam,
571 4053 603 4089 ex
622 4035 730 4088 Oriente
746 4035 878 4103 proiectus
892 4032 924 4085 ad
943 4031 1035 4085 bellum
1048 4037 1138 4082 eontra
1151 4029 1278 4097 Magnen-

174 4101 238 4154 tiam
254 4103 411 4171 gerendum,
432 4112 489 4156 arte
507 4104 615 4173 quadam
630 4105 810 4156 vetranionem
823 4102 894 4171 prius
905 4099 1016 4153 amicitia
1026 4099 1074 4152 sibi
1085 4097 1276 4152 devinciendum

173 4171 315 4225 arbitratus
324 4179 374 4239 est,
385 4190 419 4224 ne
429 4189 485 4226 eum
496 4172 595 4226 duobus
606 4172 687 4226 eised
698 4190 748 4225 uno
760 4171 893 4242 perduelle
904 4167 1071 4223 dimicandum
1083 4173 1159 4221 esset
1186 4167 1276 4220 itidem

173 4239 337 4308 Magnentius
352 4259 451 4295 omnem
469 4259 573 4312 operam
588 4249 616 4294 et
633 4242 743 4294 stadium
754 4239 906 4305 adhibebat,
924 4246 954 4290 ut
964 4237 1099 4291 amicitiara
1111 4236 1276 4290 Vetranionis

171 4307 323 4380 impetraret
339 4319 368 4367 et
382 4328 415 4366 eo
432 4311 503 4368 socio
521 4317 669 4386 susoeptam
686 4311 811 4368 adversus
830 4305 1008 4364 &munuum
1024 4305 1116 4364 benun
1128 4306 1275 4362 conficeret.
