3025 4892
566 281 644 351 LIB.
665 279 685 347 4
708 281 792 349 CAP.
820 286 849 346 l.
870 288 902 349 2.
1209 282 1279 353 175

282 456 315 522 θ.
361 450 557 543 Ἀμιγοτίρων
574 454 609 521 δὲ
625 453 704 519 κατὰ
719 452 776 538 τὴν
790 447 1112 519 Κωνοταιτινούπολαν
1127 450 1232 533 ὄντων,
1251 454 1281 517 ci

178 567 241 633 τοῖς
251 556 407 645 Ἰουλιανηῦ
413 556 574 645 γνωρίμοις
584 554 829 640 ἐπιβουλεύοντες
842 556 878 621 ού
890 553 1100 644 διίλειπονπρό
1108 582 1140 623 τε
1150 564 1210 622 τῶν
1216 565 1259 640 βα
1267 598 1279 608 -

178 647 298 725 ‹ill-aima
318 664 568 749 κατασπείραντες
591 660 701 747 λόγους
715 656 757 738 ὥς
775 656 996 742 ἐπιβουλεύοιεν
1013 650 1096 724 οὗτοι
1109 670 1173 737 τοῖς
1185 668 1279 743 βασι-

178 769 262 829 λεῦσι
270 812 279 842 ,
304 766 355 829 καί
378 764 413 829 τὸ
435 764 546 850 ἄλογον
562 770 683 849 πλῆθος
700 767 743 841 είς
756 760 901 840 τοιαύτας
917 764 1101 848 ἐρεθίζοντες
1114 762 1279 849 ἐκβοήσας.

152 866 209 941 soi
227 868 259 932 δέ
272 874 408 949 βασιλεῖς
424 871 475 932 καί
493 868 593 946 ἄλλως
606 868 683 956 πρὸς
697 867 770 944 τούς
779 868 945 933 Ἰουλιαναῦ
957 867 1127 953 γνωρίμους
1136 867 1281 950 ἀπεχθῶς

178 969 295 1053 ἔχοντες
300 1019 311 1049 ,
335 969 402 1037 τότε
428 968 465 1055 δὴ
486 977 605 1054 μᾶλλον
621 975 664 1049 είς
684 972 719 1037 τδ
741 968 811 1036 κατ’
834 970 936 1035 αὐτῶν
961 971 1155 1047 ἐξανίσταντο
1178 982 1278 1052 μῖσος,

177 1076 228 1138 καί
254 1076 365 1161 κρίσεις
386 1072 527 1140 ἐπενόουν
547 1072 637 1160 λόγον
659 1072 835 1157 οὐδαμόθεν
848 1070 987 1157 ἐχούσας.
1036 1071 1228 1158 ἐμνησικάκει
1245 1074 1279 1138 δέ

179 1176 428 1255 Οὐαλεντινιανδς
446 1178 586 1267 Μαξίμῳ
606 1177 676 1244 κατ’
693 1180 846 1264 ἐξαίρετον
863 1182 908 1265 τῷ
923 1174 1084 1265 φιλοσόφῳ
1094 1226 1104 1255 ,
1131 1175 1278 1259 διαβολήν

174 1304 243 1345 τινα
268 1281 348 1346 κατὰ
368 1286 441 1346 νούν
463 1280 558 1365 ἐχων,
582 1280 620 1366 ἣν
638 1281 740 1365 ίτυχεν
755 1282 803 1346 ἐπί
818 1285 880 1347 τῶν
889 1281 1057 1346 Ἰουλιανοῦ
1066 1277 1189 1367 χρόνων
1202 1279 1275 1345 κατ’

136 1398 168 1451 10
177 1383 273 1449 adro&
292 1382 495 1469 ποιησόμενος
518 1382 559 1463 ὡς
585 1384 637 1451 διὰ
658 1386 794 1469 τὴντῶν
815 1388 1012 1471 Χριστιανῶν
1025 1386 1193 1471 θρησκείαν
1208 1386 1278 1471 περὶ

174 1488 248 1565 τούς
264 1492 369 1565 θείους
381 1488 518 1571 θεσμοὺς
532 1486 748 1571 ἀσεβήσαντας.
799 1486 879 1552 ἀλλὰ
893 1485 1010 1552 τούτων
1024 1486 1205 1575 ἄρείλκυσεν
1220 1488 1278 1552 αό-

174 1592 247 1667 τούς
268 1592 343 1667 τίως
361 1588 380 1675 ἦ
404 1594 471 1679 περὶ
493 1592 533 1657 τὰ
556 1578 696 1656 πολιτικὰ
713 1593 765 1656 καί
781 1590 985 1675 στρατιωτικὰ
999 1593 1163 1672 κηδεμονία
1178 1615 1208 1654 τε
1226 1592 1278 1654 καί

176 1697 310 1781 ηροντίς.
337 1692 510 1779 ἐτράπησαν
524 1695 625 1762 τοίνυν
639 1696 686 1758 ἐπὶ
700 1694 733 1758 τδ
749 1697 901 1775 διανεῖμαι
916 1692 955 1757 τὰ
969 1692 1044 1775 ἐθνη
1061 1704 1125 1769 τοῖς
1139 1692 1279 1778 ἄρχουσι,

175 1800 226 1862 καί
244 1800 329 1874 τίνας
347 1798 408 1861 δίον
425 1804 480 1881 τῆς
493 1804 656 1880 βασιλικῆς
672 1798 768 1879 αίλῆς
781 1798 980 1883 ἐπιτραπῆναι
994 1796 1049 1879 τὴν
1063 1793 1213 1883 φυλακήν.
1250 1796 1279 1861 οἱ

135 1910 168 1966 15
174 1902 231 1983 μίν
252 1892 306 1966 οὖν
329 1899 416 1965 ἄλλοι
439 1898 565 1979 πάντες,
589 1898 655 1965 ὅσοι
670 1901 755 1987 παρὰ
775 1900 943 1965 Ἰουλιανού
961 1896 1122 1982 διοικήσεις
1139 1900 1238 1965 ἐθνῶν
1256 1898 1278 1983 ἢ

176 2004 273 2081 ἄλλως
292 2004 390 2091 ἀρχὰς
410 2002 515 2087 ἐτυχον
534 2005 792 2095 ἐπιτετραμμένοι,
817 2000 1003 2090 παρελύοντο
1022 2000 1154 2068 τούτων·
1180 2004 1212 2066 ἐν
1231 2000 1278 2081 οἷς

176 2110 225 2173 καί
241 2105 430 2184 Σαλούστιος
453 2106 470 2172 ό
494 2113 549 2192 τῆς
572 2108 667 2190 αὐλῆς
686 2104 826 2194 ὕπαρχος
845 2098 891 2190 ἦν.
942 2102 1039 2188 μόνου
1055 2106 1089 2170 δὲ
1099 2106 1277 2193 Ἀρινθαίου

174 2214 225 2277 καί
242 2214 401 2299 Βίκτωρος
417 2206 467 2288 aig
482 2208 562 2293 είχον
576 2209 724 2297 πρότερον
736 2220 969 2297 στρατιωτικαῖς
986 2210 1096 2297 ἀρχαῖς
1107 2208 1280 2292 ἐπιμεινάν-

174 2340 235 2379 των
250 2312 439 2400 ἡγεμονίαις,
465 2312 623 2401 παρῄεσαν
639 2315 687 2377 ἐπί
704 2312 761 2390 τὰς
774 2310 882 2398 ἀρχάς,
909 2310 951 2390 ὡς
969 2312 1092 2396 ίτυχον,
1120 2314 1147 2379 ci
1162 2312 1280 2378 τούτων

132 2419 395 2501 2οἐπιθυμοῦττες
412 2429 522 2500 τυχεῖν,
548 2416 615 2494 ἐνὸς
631 2413 740 2483 τούτου
761 2415 906 2494 δόξαντος
921 2419 1061 2501 γίνεσθαι
1076 2417 1156 2483 κατὰ
1171 2417 1279 2503 λόγον·

174 2525 201 2587 εί
216 2520 274 2610 γάρ
292 2546 339 2597 τις
355 2520 456 2585 adreio
470 2522 518 2585 ἐπί
533 2522 664 2607 δικαίαις
674 2520 829 2607 μίμψεσιν
839 2518 905 2605 ἥλω
910 2568 922 2601 ,
948 2521 1036 2605 δίκην
1048 2517 1175 2604 ὖπίσχε,
1201 2546 1278 2607 συγ-

172 2623 295 2712 γναίμης
314 2623 457 2707 οὐδεμιᾶς
474 2620 660 2707 ἀξιούμενος.

241 2849 712 2921 2Ιιευυαλετὶαεωετυλβααιλίων.
799 2853 833 2907 17
848 2846 992 2917 {torridae
1005 2852 1059 2906 LP.
1148 2854 1181 2909 18
1193 2866 1279 2923 τερα·

154 2919 157 2929 ’
241 2924 370 2992 temerarie
382 2917 470 2991 αρχῆς
481 2920 662 2990 Leunclavius.
679 2920 739 2975 mibi
750 2916 850 2991 οίρχαῐς
860 2922 1058 2993 expungendum
1068 2920 1180 2976 videtin.

240 3130 266 3184 9.
302 3128 367 3182 Cum
379 3134 463 3181 autem
474 3132 583 3198 uterque
599 3124 676 3197 cpoli
692 3126 817 3197 degeret,
835 3125 880 3197 qui
897 3126 988 3180 loliani
1004 3124 1170 3181 familiaribus
1184 3126 1276 3181 insidi-

171 3198 297 3265 sbantur,
314 3216 363 3251 non
375 3198 578 3251 intermittebant
590 3204 644 3250 tum
656 3208 741 3249 coram
754 3196 951 3267 imperatoribus
962 3213 1091 3249 sermones
1102 3214 1189 3249 serere
1202 3196 1276 3265 quasi

171 3268 328 3338 principibus
338 3268 375 3320 illi
387 3272 516 3321 struerent
526 3267 645 3333 insidias,
659 3273 712 3319 tum
724 3266 826 3319 brutam
838 3266 937 3335 plebem
949 3266 1093 3333 concitare,
1110 3274 1141 3318 ut
1151 3266 1275 3319 eiusmodi

171 3354 250 3389 vocea
267 3338 384 3390 iactaret.
418 3336 587 3405 imperatores
607 3346 709 3401 autem,
727 3334 772 3405 qui
793 3335 927 3403 ceteroqui
940 3335 1031 3387 Iuliani
1051 3334 1215 3387 familiaribus
1234 3336 1275 3387 in·

171 3406 232 3458 testi
250 3414 349 3470 essent,
368 3414 428 3458 lunc
440 3407 516 3458 etiam
531 3406 611 3473 magis
622 3404 655 3457 ad
665 3404 722 3459 illoa
734 3404 793 3456 odio
805 3422 863 3473 pers
899 3404 994 3457 ueudos
1006 3405 1154 3471 insurgunt,
1172 3420 1202 3455 ec
1214 3404 1275 3458 lites

172 3474 320 3541 excogitant
330 3474 397 3527 nulla
409 3476 508 3527 ratione
519 3475 647 3526 subnixas.
684 3482 711 3526 et
722 3473 873 3541 gravismme
909 3473 1078 3526 alentinianus
1092 3472 1204 3525 Maximo
1217 3475 1275 3543 plri-

171 3540 277 3610 losoplro
288 3544 469 3609 succensebat,
488 3542 667 3595 criminationis
679 3540 808 3594 cuiusdam
821 3557 930 3599 memor.
947 3560 999 3612 qua
1014 3543 1104 3595 luliani
1116 3544 1275 3611 temporibus

171 3610 374 3663 Valentinianum
387 3612 531 3679 detulerat,
549 3612 623 3681 quasi
636 3618 743 3682 propter
754 3612 902 3679 religionem
914 3611 1083 3663 Christianum
1095 3610 1136 3663 ille
1147 3628 1235 3663 sacros
1247 3612 1275 3664 in

170 3682 237 3733 ritus
255 3680 332 3749 impie
350 3679 510 3749 deliquisset.
544 3682 591 3733 sed
609 3684 641 3733 ab
662 3682 700 3732 bis
720 3697 766 3733 eos
782 3681 807 3732 id
822 3680 944 3749 temporie
955 3680 1066 3732 civilium
1078 3680 1276 3763 militariumque

169 3766 255 3801 rerum
272 3764 332 3801 cura
351 3752 500 3802 revocabat.
535 3758 694 3819 quapropter
710 3750 743 3801 ad
761 3746 948 3801 distribuendas
959 3748 1117 3831 praesidibus
1126 3751 1277 3818 provincias

61 3829 71 3846 ·'
170 3836 200 3871 se
210 3818 405 3883 convertebant,
423 3826 450 3871 et
467 3818 560 3888 quibus
579 3820 652 3871 aulae
669 3818 851 3887 imperatoriae
872 3818 987 3870 custodia
1006 3817 1185 3871 committenda
1197 3827 1275 3872 esset.

169 3888 258 3956 itaque
275 3883 356 3939 ceteri
374 3904 476 3951 omnes,
493 3888 685 3957 quibuscunque
703 3886 827 3940 aluliano
842 3884 1032 3955 provinciarum
1043 3887 1274 3939 administrationes

170 3957 247 4010 aliive
264 3955 430 4025 magistratus
452 3954 545 4009 crediti
561 3958 677 4023 lucrant,
695 3957 898 4020 abdicabuntur3
916 3970 1023 4023 quorum
1041 3954 1066 4007 in
1083 3971 1187 4009 numero
1198 3973 1275 4025 prae·

170 4028 254 4079 lectus
273 4025 350 4079 etiam
365 4024 487 4096 praetorii
507 4026 633 4079 Salustius
648 4032 717 4078 erat:
736 4026 791 4078 solo
802 4034 888 4077 autem
900 4023 1023 4076 Arintheo
1036 4033 1064 4076 et
1074 4024 1190 4092 Victore,
1207 4042 1274 4093 quae

189 4096 242 4148 riue
253 4096 382 4148 habebant
393 4111 440 4147 ceu
451 4094 528 4147 duces
540 4095 646 4165 imperia
658 4092 795 4160 militaria,
809 4091 993 4158 retinentibus,
1006 4092 1040 4144 ad
1056 4093 1218 4159 magistratus
1228 4112 1274 4147 re-

169 4112 251 4233 iiquos
272 4163 380 4217 fortuito
399 4164 583 4233 perveniebant
602 4164 645 4233 qui
663 4180 708 4216 eos
723 4164 892 4224 affectabant,
910 4177 966 4213 cum
979 4161 1168 4230 quidemunum
1180 4164 1228 4216 boc
1240 4180 1273 4218 ex

169 4234 272 4285 rationis
287 4234 445 4317 praescripto
464 4232 521 4285 ficri
541 4233 681 4289 videretur.
722 4248 778 4285 nam
797 4232 819 4284 si
832 4230 889 4299 quis
901 4247 988 4284 eorum
1004 4230 1078 4287 imtte
1089 4232 1200 4303 querelis
1211 4250 1272 4287 cou-

169 4302 251 4358 victus
263 4304 364 4373 luisset,
381 4303 474 4359 nullam
485 4302 622 4375 impetrans
638 4301 736 4356 vertiam
747 4316 845 4373 poenas
854 4300 950 4366 luebat.
