3025 4892
129 331 133 342 ,
245 285 319 367 oet
630 286 659 343 ‚a
685 281 873 362 -mussuu
908 333 912 339 -
948 316 955 342 ι

243 464 411 544 Κουάδους
432 467 485 532 καλ
509 459 718 554 Σαυρομάτας
740 459 946 549 οἰκονομήσας
966 467 1015 532 lut
1033 467 1090 552 τὴν
1106 463 1186 556 irgine
1202 467 1352 555 έτρέπετο,

243 580 305 636 τῶν
320 573 483 657 Περσικῶν
504 568 625 659 ἐφόδων
646 573 689 647 τίς
711 567 815 654 μάχην
832 566 925 636 cirria
940 569 1112 638 ἑλκουσῶν·
1134 573 1301 638 Ἰουλιανοῧ
1319 567 1353 636 δὲ

243 673 430 752 τὰςἌλπεις
440 672 651 761 άπερβάντος,
668 683 732 750 τοῖς
746 675 937 759 τεταγμένοις
950 677 1132 752 Γαλατικοῖς
1149 675 1269 742 ἔθνεσιν
1285 676 1353 739 έπε-

247 775 386 858 στάντος,
405 781 531 844 καὶτῶν
542 775 714 865 βαρβάρων
727 777 815 843 odito
825 769 917 861 ἦττον
928 778 1006 860 μετά
1019 777 1120 864 πάσης
1136 779 1240 857 oidelae
1250 779 1352 844 έπεεσ-

237 878 373 960 ἐάντων,
397 891 463 960 τοῖς
474 882 578 960 sorore
588 878 721 967 λόγοιςὴ
734 882 871 964 Εὗσεβία
886 883 1062 968 χρησαμένη
1076 887 1174 950 πείθει
1184 879 1377 949 Κωκυτόν-6

135 1013 160 1051 ι
182 997 235 1052 357
248 1009 313 1050 τιον
327 987 489 1074 ἐπιτρέψαι
502 987 558 1069 τὴν
571 989 718 1069 διοίκησιν
730 985 815 1073 αὐτῷ
828 992 889 1050 τῶν
901 988 993 1052 ἐκεῖσε
1009 985 1206 1074 πραγμάτων.

351 1095 386 1154 Τ
383 1090 405 1154 ιλ
422 1090 478 1172 μέν
500 1082 555 1155 οὖν
573 1091 713 1155 ἐντεῦθεν
730 1088 802 1175 ἄχρι
817 1089 932 1166 παντὸς
948 1097 1004 1156 τοῦ
1018 1092 1257 1179 βίουἸουλιανῷ
1270 1117 1352 1178 πρα-

242 1191 361 1274 χθέντα
371 1197 578 1280 συγγραφεῦσι
588 1195 639 1260 καί
648 1203 788 1275 ποιηταῖς
797 1194 829 1258 έν
841 1196 1034 1276 πολυστίχοις
1043 1195 1208 1281 γέγραπται
1220 1197 1351 1276 βίβλοις,

244 1299 272 1359 el
286 1299 337 1360 καὶ
353 1299 461 1380 μηθείς
475 1303 536 1362 τῶν
551 1294 807 1383 συγγεγραφότων
830 1303 886 1380 τῆς
908 1298 996 1375 ἀξίας
1014 1306 1075 1364 τῶν
1095 1299 1190 1386 ίργων
1211 1301 1350 1386 ἐφίκετο·

241 1396 370 1485 πάρεστι
384 1401 418 1465 di
430 1405 475 1487 τῷ
489 1403 667 1489 βουλομένῳ
684 1406 849 1481 συλλαβεῖν
866 1400 987 1466 ἅπαντα
1008 1413 1072 1480 τοῖς
1088 1401 1189 1488 λόγοις
1202 1399 1349 1486 έντυγχά-
1360 1413 1393 1466 1⁰

234 1517 322 1568 ’νοντι
337 1513 402 1579 τοῖς
415 1504 510 1568 αὐτοῦ
523 1507 574 1569 καὶ
588 1516 656 1582 ταῖς
670 1506 858 1582 ἐπιστολαῖς,
894 1503 954 1592 ἀφ’
977 1495 1020 1570 ὧν
1041 1505 1135 1572 ένεστι
1156 1505 1291 1588 μάλιστα
1311 1502 1350 1568 τά

234 1603 322 1670 κατὰ
341 1613 444 1672 πάσαν
464 1609 549 1696 αὐτῷ
571 1610 767 1696 πεπραγμένα
786 1608 842 1692 τὴν
860 1609 1038 1692 οίκουμένην
1054 1616 1236 1696 περιλαβεῖν.
1287 1609 1351 1673 ἐπεὶ

211 1763 215 1775 ,
242 1709 278 1774 δέ
297 1708 443 1795 προσήκει
457 1713 515 1795 τὴν
529 1711 617 1790 τάξιν
630 1710 714 1796 ἡμᾶς
728 1712 773 1796 μὴ
791 1710 959 1778 διασπάσαι
978 1719 1033 1796 τῆς
1049 1713 1200 1800 ίστορίας,
1233 1709 1351 1799 είρήσε-

240 1837 293 1878 ται
314 1817 366 1878 καλ
390 1812 465 1897 ἡμῖν
486 1815 645 1899 συντόμως
666 1816 780 1882 litoroso
802 1815 881 1880 κατὰ
896 1815 969 1892 'code
988 1819 1117 1894 οἰκείους
1131 1813 1273 1904 καιροιίς,
1299 1817 1351 1880 καί

240 1914 378 1999 μάλιστα
394 1917 454 1983 ὅσα
469 1929 533 1995 τοῖς
545 1919 651 1995 ἄλλοις
662 1925 909 2005 παραλελεῖφθαι
925 1922 1016 1984 δοκεῖ.
1358 1927 1391 1982 15

276 2069 280 2075 ·
348 2022 383 2088 ³.
434 2019 650 2098 Κωνστάντιος
674 2025 777 2086 τοίνυν
805 2023 973 2107 ἐπιτρέψας
996 2019 1118 2086 ἅπαντα
1142 2027 1188 2109 τῷ
1210 2019 1349 2104 Καίσαρι

242 2117 386 2206 πράττειν
404 2121 465 2189 ὅσα
489 2128 640 2191 συνοίσειν
662 2123 759 2190 ἐδόκει
781 2149 844 2201 τοις
865 2121 921 2188 rin'
945 2124 1038 2189 αὐτὸν
1060 2123 1197 2202 έθνεσιν,
1230 2125 1277 2188 tut
1293 2121 1350 2205 τὴν

243 2221 323 2309 ἑῴαν
342 2223 465 2313 έχοίρει,
491 2228 546 2293 τὸν
564 2229 644 2320 τορὸς
657 2229 787 2314 Πέρσας
807 2225 940 2310 πόλεμον
964 2224 1135 2310 διαθήσων.
1184 2223 1350 2303 Ἰουλιανὸς

242 2329 277 2392 di
296 2329 337 2392 τά
358 2331 414 2412 μίν
437 2331 469 2395 έν
489 2334 616 2408 Κελτοῖς
638 2331 841 2417 στρατιωτικὰ
863 2331 1077 2418 διεφθαρμένα
1101 2329 1180 2394 κατὰ
1203 2330 1238 2394 τὸ
1258 2329 1349 2394 πλέον

243 2427 349 2517 εὑρών,
375 2433 448 2510 rode
462 2436 496 2499 δέ
509 2432 692 2521 βαρβάρους
708 2431 866 2500 ἀκώλυτον
881 2434 1006 2517 έχοντας
1019 2434 1075 2516 τὴν
1088 2440 1144 2498 τοῦ
1154 2431 1261 2516 Ῥήνου
1279 2429 1391 2498 tid-20

239 2539 335 2616 βοσιν
360 2539 412 2602 καὶ
433 2543 523 2625 μέχρι
546 2538 657 2622 σχειλάν
678 2544 740 2605 τῶν
763 2539 841 2627 πρὸς
863 2534 1005 2625 θαλάττῃ
1025 2534 1142 2602 πόλεων
1159 2534 1348 2615 διελθόντας,
1413 2553 1416 2560 ’

309 2752 328 2806 2
343 2746 437 2818 μάτην
454 2751 509 2807 LP.
600 2750 769 2820 illegendum
787 2751 901 2806 sortasse
917 2753 978 2813 τοῖς
994 2767 1024 2804 τε
1041 2743 1095 2804 oin’
1114 2745 1204 2802 τιν’τὸν
1220 2739 1348 2816 τεταγμέ-

226 2897 231 2904 ο
307 2818 563 2884 succiduam&
631 2819 786 2892 ὃβιβλίοις
801 2821 835 2876 P.
905 2823 939 2876 14
957 2820 1089 2890 οἰκείους]
1109 2815 1215 2873 ἐκείνου
1232 2819 1265 2872 Ρ.

238 3005 295 3058 τίετο
306 3006 404 3059 sedutis
416 3008 564 3070 Quadorum
576 3009 803 3076 sarmatarumque
813 3006 924 3061 motibus
936 3023 1028 3061 versus
1040 3005 1173 3059 Orientem
1192 3003 1291 3076 pergit,
1311 3003 1349 3055 ir·

237 3075 398 3142 ruptionibus
409 3077 521 3130 Persicis
536 3077 635 3129 eumad
647 3076 739 3128 bellum
754 3077 973 3146 pertrahentibus.
1009 3075 1120 3128 lulianus
1134 3086 1216 3126 autem
1236 3091 1291 3125 cum
1304 3088 1348 3124 su-

237 3145 337 3212 peratis
351 3146 455 3215 Alpibus
465 3146 498 3199 sd
506 3147 624 3198 Gallicas
634 3146 749 3197 nationes
762 3146 900 3197 attributas
912 3147 959 3199 sibi
972 3144 1141 3214 pervenisset,
1154 3159 1184 3197 ac
1197 3141 1273 3194 nihilo
1286 3143 1348 3193 bar-

237 3213 295 3264 bsri
316 3215 397 3265 miuus
420 3216 488 3269 omni
510 3231 566 3268 eum
589 3215 692 3266 licentis
714 3223 911 3281 grassarentur,
937 3214 1066 3276 Eusebia,
1095 3213 1236 3264 rationibus
1258 3210 1347 3262 iisdem

236 3299 301 3343 usa,
328 3286 481 3338 Constantio
500 3283 639 3354 persuadet
654 3291 788 3336 utrorum
806 3283 883 3336 iniis
901 3283 966 3336 loeis
981 3282 1223 3335 administrationem
1241 3280 1265 3332 ei
1277 3295 1347 3332 com-

237 3351 359 3405 mitteret.

308 3421 445 3471 linimrero
463 3434 529 3488 ques
547 3420 580 3471 sb
592 3437 624 3472 eo
640 3428 757 3490 tempore
768 3437 817 3492 per
828 3439 925 3474 omnem
938 3419 1058 3488 deinceps
1071 3419 1149 3471 vitem
1162 3418 1276 3471 lulianus
1287 3433 1348 3485 ges·

238 3487 287 3553 sit,
312 3490 345 3539 sb
362 3489 522 3540 historiarum
539 3491 687 3544 unctoribus
705 3501 732 3543 et
751 3491 865 3561 epoelis
881 3490 986 3558 prolixis
996 3490 1124 3558 descripta
1135 3488 1205 3540 libris
1218 3491 1345 3556 leguntur,

231 3557 338 3608 temetsi
356 3556 439 3608 nullus
457 3573 560 3624 eorum,
584 3561 628 3630 qui
642 3561 706 3613 haee
718 3561 854 3613 memoriae
866 3560 1045 3630 prodiderunt,
1072 3559 1185 3628 ipsorum
1205 3559 1345 3610 facinorum

238 3625 389 3692 dignitatem
401 3625 526 3693 attigerit.
561 3630 764 3697 potentaticum,
800 3631 826 3682 ui
839 3629 918 3692 volet,
938 3629 1021 3681 omnis
1032 3627 1247 3697 comprehendere
1259 3627 1345 3695 perle-

238 3695 329 3762 gendis
340 3695 422 3764 ipsius
432 3695 589 3748 orationibus
600 3705 628 3750 et
639 3699 761 3768 epistolis,
781 3648 799 3750 ά

238 3766 325 3814 orbem
337 3772 461 3815 terrerum
473 3774 548 3832 geste
560 3767 681 3835 colligere
692 3768 762 3823 licet.
797 3769 843 3820 sed
862 3769 965 3838 quando
983 3783 1031 3837 par
1044 3774 1085 3818 est
1097 3773 1127 3817 ut
1139 3765 1252 3817 ordinem
1265 3765 1346 3816 histo-

237 3833 292 3883 riee
304 3847 354 3884 non
365 3833 598 3903 interrumpsmus,
621 3853 637 3888 e
649 3836 722 3889 nobis
734 3854 837 3906 quoque
850 3837 964 3905 singula,
989 3837 1090 3888 ratione
1102 3833 1210 3904 quadam
1225 3849 1345 3900 compen·

237 3901 335 4021 piaris,
361 3904 414 3956 suis
426 3904 585 3973 temporibus
597 3913 774 3975 exponentur,
799 3923 831 3959 ee
841 3905 993 3976 praesertim
1005 3921 1071 3974 quae
1085 3906 1118 3957 ab
1130 3902 1186 3956 aliis
1198 3903 1290 3955 omissa
1302 3899 1344 3953 vi-

256 3979 338 4023 entur.
1236 3991 1239 4000 ·

307 4040 335 4094 3.
369 4040 434 4092 Cum
446 4057 508 4108 ergo
521 4041 688 4107 Constantius
699 4041 783 4095 omnia
794 4041 954 4112 permisisset
965 4041 1070 4112 Caesari
1082 4057 1168 4109 egere,
1180 4053 1345 4108 quaecunque

238 4107 360 4159 subiectis
372 4109 396 4161 ei
407 4103 554 4162 nationibus
565 4127 596 4163 ex
612 4124 659 4164 usu
671 4113 759 4165 lutere
770 4119 889 4180 putaret,
916 4111 942 4162 in
955 4111 1087 4162 Orientem
1107 4107 1239 4161 contendit
1252 4107 1345 4160 bellum

237 4187 330 4227 contre
342 4179 437 4231 Persas
448 4187 576 4246 gesturus.
608 4179 720 4233 lulianus
731 4187 815 4232 autem
827 4185 883 4232 culo
895 4197 993 4232 omnem
1005 4179 1074 4251 opud
1087 4169 1176 4231 Celtas
1186 4191 1239 4230 rem
1251 4175 1345 4228 milite-

237 4248 291 4298 τοττι
303 4247 391 4298 maiori
404 4260 435 4299 ex
448 4257 524 4315 perte
534 4249 715 4301 labefectstam
728 4259 755 4301 et
767 4249 890 4318 perditam
902 4250 1078 4318 repperisset,
1105 4253 1131 4300 et
1144 4247 1268 4297 barbaros
1280 4247 1344 4297 libe-

236 4327 294 4368 rum
304 4323 409 4370 aroeots
419 4317 522 4372 nemine
532 4319 618 4374 Rhesi
626 4319 801 4381 ususmissum
812 4317 953 4387 hebentes,
978 4335 1010 4372 se
1026 4315 1209 4390 propemodum
1223 4315 1258 4369 ed
1269 4316 1346 4370 urbes

801 3699 918 3768 equibus
929 3697 1041 3766 inprimis
1053 3699 1085 3750 ob
1097 3713 1128 3747 eo
1142 3713 1188 3765 per
1199 3696 1346 3747 universum
