3025 4892
546 279 624 363 nn
649 285 670 344 ε
697 280 783 351 σιν.
807 285 859 350 ει.
879 285 932 348 τε.
1238 280 1289 352 οε

142 515 145 518 ,
190 444 368 536 ιλγρεόσασο
389 451 484 537 μέγαν
505 448 589 539 ῥίνην
614 452 744 536 σιδηρᾶν
768 451 904 534 ἐντίθησι
924 456 962 538 τῇ
979 445 1088 518 τοότου
1106 445 1210 536 νηδόΐ,
1236 457 1288 520 καλ

191 551 403 641 ἇναρράτμασα
417 557 541 621 δίδωσιν
557 553 689 640 εὐνούχῳ
703 560 764 619 τῶν
777 551 981 634 πιστοτάτων,
1004 559 1094 621 εέπεῖν
1108 557 1200 622 adreio
1211 553 1286 644 Ὁρ-

189 660 285 744 μίσδη
298 656 466 724 κελεύσασα
483 656 635 746 παρόντος
648 657 771 733 οὐδενός
784 668 892 744 φαγεῖν
905 658 958 724 τόν
973 658 1065 740 ἰχθδν
1079 661 1129 723 καλ
1146 665 1190 750 τῷ
1206 659 1286 725 κατά

172 761 245 843 ,τὴν
259 759 369 826 τούτου
385 762 479 845 νηδδν
493 759 693 849 εδρισκομένῳ
706 759 887 847 χρήσασθαι
904 761 980 846 πρὸς
994 759 1153 846 βοήθειαν.
1196 771 1286 829 τοῦτο

163 867 416 948 δβουλευσαμένη
433 863 589 949 καμήλους
601 865 743 945 ἐκπέμπει
755 862 879 950 πλήρεις
892 863 974 930 οἴνου
989 870 1039 931 καὶ
1054 864 1196 954 ἀφθόνου
1213 893 1286 954 τρο-

188 974 266 1055 φῆς,
287 968 469 1052 εὐωχεῖσθαι
495 972 623 1036 διδοῦσα
644 978 708 1044 τοῖς
731 966 785 1032 τόν
804 967 902 1055 ἄνδρα
919 967 1133 1056 φυλάττουσιν.
1184 967 1286 1035 {irrisu

188 1071 217 1136 oi
243 1072 300 1153 μέν
322 1070 456 1158 φόλακες
482 1079 520 1159 τῇ
544 1073 656 1162 εὖωχίρι
676 1081 852 1158 προσεῖχον,
875 1067 1042 1158 Ὁρμίσδης
1065 1075 1098 1138 δέ
1119 1073 1173 1138 τόν
1193 1074 1286 1156 δχθδν

187 1174 295 1240 διελὼν
310 1166 376 1262 εδρε
392 1175 448 1258 τὴν
460 1174 561 1263 ῥίνην,
587 1176 643 1252 τὰς
659 1175 692 1239 δ’
711 1175 896 1258 ἐπικειμένας
909 1187 972 1252 τοῖς
987 1179 1057 1241 ποσὶ
1075 1177 1170 1253 πέδας
1184 1179 1284 1242 διατε-

185 1274 270 1360 μιόν,
297 1278 461 1360 ἀναλαβών
484 1306 515 1345 τε
540 1280 595 1364 τὴν
619 1285 675 1344 τοῦ
697 1275 841 1360 εόνοόχου
868 1278 995 1362 στολήν,
1030 1280 1081 1344 διὰ
1100 1281 1202 1362 με’σιυν
1224 1287 1287 1344 τῶν

141 1393 178 1447 1⁰
187 1379 332 1469 φυλάκων
357 1381 418 1465 ἤδη
441 1380 621 1464 μεθυόντων
641 1379 735 1467 ἐξῄει,
761 1385 811 1446 καὶ
833 1387 895 1446 τῶν
909 1381 1059 1466 εόνοόχιυν
1073 1385 1126 1448 ἕνα
1141 1389 1285 1471 παραλα-

183 1483 250 1565 βεδν
272 1483 442 1572 ἀφικνεῖται
462 1486 539 1572 πρὸς
553 1487 716 1573 Ἀρμενίων
742 1487 889 1566 Ιιθασιλέα,
923 1489 1013 1572 φίλον
1033 1485 1106 1551 όντα
1126 1489 1177 1550 καὶ
1201 1489 1285 1564 ξένον

184 1588 283 1676 αὐτῷ(
327 1591 379 1652 καὶ
398 1589 450 1652 διὰ
467 1586 577 1653 τοότου
594 1587 664 1670 μετ’
685 1589 856 1672 ἀσφαλείας
875 1589 1039 1665 διασωθείς
1056 1597 1101 1676 τῷ
1116 1592 1284 1654 Κωνστοιν-

182 1692 255 1778 τίνῳ
276 1691 486 1777 προσέδραμε,
520 1694 571 1755 καὶ
594 1688 696 1773 πάσης
717 1687 838 1772 ἠξιώθη
860 1696 951 1774 τιμῆς
974 1717 1006 1756 τε
1031 1694 1082 1756 καλ
1106 1695 1284 1778 θεραπείας.

183 1793 263 1858 utto
278 1800 375 1859 ταῦτα
392 1795 447 1875 μέν
463 1793 545 1874 ὅπως
562 1793 647 1876 ἴσχεν
662 1789 878 1879 ιλφηγησάμην.

140 1910 176 1966 1⁶
286 1895 345 1965 28.
396 1899 629 1964 Κωνσταντίνου
643 1897 676 1961 δέ
688 1895 742 1960 τόν
755 1898 916 1960 Λικίννιον
931 1896 982 1959 καὶ
998 1895 1029 1960 ἐν
1044 1901 1083 1982 τῇ
1094 1898 1284 1987 Νικομηδείη

181 2005 433 2085 πολιορκοόντος,
459 2001 609 2086 ἇπομνοδς
631 2010 700 2076 ταῖς
720 2002 853 2079 ἐλπίσιν,
873 1995 1070 2081 ἐπιστάμενός
1086 2025 1116 2064 τε
1135 1997 1177 2078 ὡς
1194 2001 1283 2066 οὐδε-

180 2106 239 2186 μία
256 2101 385 2186 δόναμις
398 2103 478 2170 ἐστιν
491 2105 576 2193 αὐτῷ
589 2102 667 2190 πρδς
679 2099 783 2186 μάχην
793 2102 946 2190 ἀρκοῦσα,
968 2107 1024 2185 τῆς
1042 2100 1157 2180 πόλεως
1173 2111 1283 2190 προελ-

180 2206 250 2272 θεδν
277 2208 376 2291 ἱκέτης
399 2214 444 2295 τῷ
468 2209 690 2294 Κωνσταντίνῳ
715 2212 922 2285 καθίσταται,
957 2208 1009 2270 καλ
1035 2205 1091 2288 την
1117 2205 1284 2293 ιλλουρμίδα

180 2310 384 2398 προσαγαγὼν
406 2313 537 2393 βασιλέα
561 2337 594 2376 τε
618 2313 668 2375 καὶ
685 2307 834 2392 δεσπότην
848 2305 938 2391 ἐβόα,
964 2306 1144 2394 συγγνώμην
1159 2312 1207 2375 ἐπλ
1221 2320 1285 2388 τοῖς

138 2419 390 2501 ωπρολαβοῦσιν
416 2417 526 2479 αἰτῶν·
552 2412 679 2500 ἐθάρρει
700 2411 760 2500 γάρ
787 2409 830 2489 ὡς
852 2409 1015 2494 βιάσεται,
1041 2419 1096 2496 τῆς
1115 2414 1211 2480 αὐτοῦ
1225 2441 1284 2500 γα-

179 2523 274 2600 μετῆς
294 2515 406 2601 ὅρκους
428 2519 476 2582 ἐπὶ
500 2514 598 2605 τοότιρ
623 2515 709 2602 παρδ
732 2518 965 2580 Κωνσταντίνου
991 2514 1155 2601 λαβοόσης.
1208 2515 1225 2582 δ
1251 2519 1285 2584 δέ

179 2621 411 2696 Κωνσταντῖνος
434 2619 649 2706 Μαρτινιανδν
671 2619 728 2701 μέν
752 2621 917 2705 παρεδίδου
944 2628 1008 2696 τοῖς
1030 2619 1215 2707 δορυφόροις
1234 2623 1283 2686 ἐπὶ

177 2720 325 2812 θανάτῳ,
349 2722 510 2788 Λικίννιον
527 2724 561 2788 δέ
580 2725 623 2799 εἰς
640 2721 695 2806 τὴν
713 2722 941 2805 Θεσσαλονίκην
959 2722 1118 2808 ἐκπέμψας
1139 2721 1181 2802 ὡς
1203 2732 1282 2808 βιω-

247 2905 283 3026 pu
290 2897 357 3024 ηἴηη
371 2899 432 3024 ffns
460 2916 519 2954 oorr
535 2898 681 2971 Stephanus
697 2916 714 2952 s
730 2897 812 2952 Saldo
827 2901 855 2952 st
871 2897 984 2954 Zouaru.
1122 2902 1141 2956 6
1164 2897 1279 2974 ἔπειτα]

283 2989 296 3026 ε
431 3009 438 3024 .

175 3125 258 3180 deret.
291 3143 385 3196 magno
402 3125 475 3198 pisae
491 3128 585 3209 capto,
601 3124 684 3179 binam
699 3123 784 3178 ventri
798 3124 853 3178 eius
862 3123 943 3190 indit,
967 3141 1050 3196 eoque
1060 3139 1159 3180 rursum
1171 3129 1278 3180 consuto

175 3197 272 3266 pisoem
290 3197 405 3249 eunucho
424 3194 572 3248 fidelissimo
584 3195 676 3259 tradit,
694 3212 751 3248 oum
763 3195 881 3247 mandato
894 3202 922 3247 ut
935 3195 1086 3246 Hormisdou
1100 3193 1211 3260 diceret,
1228 3195 1277 3248 hoc

174 3265 245 3334 pisca
256 3267 354 3319 nemine
365 3273 501 3334 praesente
512 3274 678 3330 vesceretur,
696 3272 723 3318 et
733 3265 765 3317 ad
777 3281 851 3334 opem
864 3282 895 3316 eu
908 3263 977 3332 quod
988 3264 1013 3315 in
1024 3265 1093 3316 illius
1103 3271 1193 3316 ventre
1205 3282 1277 3336 repe·

175 3334 239 3386 riret
255 3341 379 3389 uteretur.
414 3335 463 3387 boo
480 3341 583 3402 captato
595 3333 715 3400 oonsilio,
733 3333 843 3386 camelos
855 3333 959 3401 ableget
968 3332 1028 3385 vino
1041 3333 1156 3404 cibisque
1168 3333 1278 3402 copiosis

176 3411 313 3470 oneratos,
331 3411 359 3456 et
369 3403 453 3455 mariti
464 3403 610 3456 custodibus
622 3403 723 3485 epulum
735 3404 851 3471 praebet.
887 3402 986 3455 interea
998 3402 1056 3454 dum
1069 3403 1144 3471 epulo
1157 3403 1277 3456 custodes

174 3471 267 3524 intenti
281 3478 354 3536 sunt,
371 3471 521 3525 Hormisdes
533 3472 604 3554 pisce
622 3473 750 3542 disserpto
763 3471 845 3522 limam
857 3469 967 3536 iuvenit3
986 3487 1038 3540 qua
1050 3489 1105 3523 oum
1116 3471 1226 3540 pedibus
1237 3473 1278 3524 in·

174 3539 257 3593 isatas
277 3541 412 3611 conpedes
431 3540 596 3593 disseouuset
613 3549 641 3592 et
656 3540 764 3593 eunuchi
782 3539 900 3592 amictum
910 3540 1048 3602 induisset,
1066 3557 1112 3608 per
1124 3541 1220 3594 modios
1232 3557 1280 3593 cu-

174 3611 262 3662 stodes
273 3609 323 3662 iam
333 3610 484 3662 temulentos
496 3627 614 3677 egressus
625 3617 678 3671 est,
696 3617 850 3679 sumptoque
861 3625 946 3661 secum
958 3626 1009 3662 uno
1021 3626 1052 3661 ex
1064 3611 1183 3662 eunuchis
1193 3610 1224 3662 ad
1238 3628 1278 3662 re·

173 3695 233 3745 gem
243 3679 435 3741 Armeniorum,
453 3678 560 3730 sruicuru
572 3687 600 3731 et
611 3678 737 3748 hospitem
749 3694 836 3742 suum,
854 3677 988 3746 pervenit3
1017 3678 1087 3730 ouius
1108 3694 1186 3746 opera
1209 3685 1279 3731 tutus

171 3754 198 3800 et
209 3746 341 3799 incolumis
352 3747 384 3799 sd
397 3747 591 3800 Corutantinum
609 3765 638 3800 sa
656 3747 775 3810 ooutulit,
791 3746 836 3816 qui
848 3762 905 3798 eum
919 3746 985 3798 omni
997 3751 1050 3797 tuus
1062 3746 1223 3800 honoratum
1234 3765 1278 3800 re·
1337 3805 1340 3812 ,
1389 3815 1392 3822 Ι

170 3824 260 3886 spectu
273 3816 390 3884 diguatm
401 3821 449 3867 est.
484 3817 531 3869 sed
542 3819 605 3868 bueo
617 3816 731 3885 quidem,
750 3823 780 3867 ut
791 3815 924 3880 accidere,
941 3823 1045 3867 narrate
1056 3823 1139 3868 sunto.

239 3887 284 3940 28.
319 3884 384 3938 Cum
401 3891 485 3936 autem
507 3885 691 3938 Constantinus
711 3885 786 3937 etiam
808 3883 974 3936 Nicomediae
993 3883 1117 3936 Lloinium
1138 3883 1275 3946 obsideret,

170 3955 247 4008 rebus
259 3954 304 4006 ille
315 3953 472 4022 desperatis,
490 3954 557 4022 quod
569 3954 649 4007 sciret
660 3954 742 4006 nullas
753 3953 804 4005 sibi
816 3959 916 4004 restsra
928 3953 1007 4004 iustas
1019 3962 1047 4004 et
1057 3953 1120 4004 sutis
1132 3952 1230 4021 amplus
1242 3952 1276 4004 sd

170 4023 338 4077 dimioandum
354 4017 457 4093 copisa,
474 4039 593 4090 egressus
611 4025 676 4075 urbe
690 4023 799 4092 supplex
811 4021 980 4074 Constantino
992 4021 1076 4074 factus
1088 4029 1142 4084 sst3
1161 4028 1187 4072 et
1196 4021 1275 4074 allata

171 4108 283 4163 purpura
297 4091 477 4162 imperatorem
497 4108 529 4143 ao
545 4091 670 4144 domiuum
688 4092 830 4156 clamabat,
847 4089 998 4158 veniamque
1015 4089 1214 4172 praeteritorum
1225 4108 1274 4159 po-

171 4164 273 4214 scebat:
290 4178 347 4213 nam
365 4161 446 4213 uitam
464 4160 513 4213 sibi
532 4167 604 4213 oerto
617 4161 803 4232 pollicebatur,
821 4158 892 4212 ouius
904 4159 1004 4210 nomine
1014 4157 1186 4211 iusiurandum
1199 4159 1273 4213 uxori

170 4229 251 4283 aiusa
263 4231 431 4284 Constantino
442 4230 593 4298 praestitum
604 4230 698 4286 fuerat.
732 4228 914 4284 Martinianum
926 4227 1110 4280 Constantinus
1121 4228 1272 4282 satellitibus

169 4297 222 4354 suis
239 4299 402 4355 oooidsudum
421 4297 546 4366 tradidit,
564 4298 662 4353 Licinio
677 4297 885 4354 'Ibessalouioam
898 4296 1019 4368 ublegmo
1032 4297 1104 4352 velut
1115 4296 1172 4352 istic
1183 4315 1272 4352 moure
