3025 4892
246 319 296 370 ιιι
654 297 929 372 REITEMEIERI

248 481 349 560 dedit,
370 493 400 544 et
421 481 604 566 quaedama
627 483 836 564 Sylhurgianio
857 481 1053 559 oonieotnrir,
1073 483 1196 562 volgata
1209 482 1338 542 lectione

248 586 389 669 depulsa,
410 589 443 646 in
460 597 651 662 contextum,
673 587 766 644 etiam
778 586 868 644 taeite
881 587 1008 664 paulin,
1030 588 1154 665 reoepit.

332 687 564 752 commodorum
583 690 710 748 istorum
731 689 766 746 io
790 687 957 746 cessuim
978 707 1069 768 opera
1085 690 1250 768 insignium
1270 707 1338 746 ma·

246 793 331 852 xime
352 812 461 874 expeto
479 802 525 850 eat
543 787 636 850 editio
654 792 833 852 Oxoniomia
854 791 944 871 (cura
968 791 1025 852 Tu.
1043 789 1197 870 Sauum).
1241 790 1339 870 operia

244 913 300 976 per
328 905 429 976 parte·
459 891 628 954 distributio
656 904 687 953 ot
710 891 965 975 pangrophormn
991 913 1028 952 ao
1056 896 1189 974 oapittun
1215 893 1338 968 notatio,

244 999 383 1078 quamvis
401 997 498 1058 facilia
517 998 632 1076 negotii
651 1016 716 1072 rea,
738 996 776 1056 eh
799 1015 835 1055 oo
857 1007 960 1056 tamen
979 997 1090 1056 omissa
1114 1006 1175 1072 eat,
1197 1005 1228 1054 et
1246 1005 1336 1054 notae

245 1097 467 1179 Stephanionae
488 1118 522 1158 ao
540 1099 775 1179 Sylbnrgianae,
794 1117 868 1180 qnae
888 1101 1023 1178 repetiit,
1045 1100 1204 1158 oscitanter
1215 1108 1245 1156 et
1257 1097 1338 1155 male

245 1211 316 1264 tunt
337 1211 506 1281 exoerptao.
548 1201 602 1262 uhi
612 1219 684 1262 vero
699 1197 737 1260 do
753 1221 809 1260 auo
823 1201 985 1282 quiequam
1000 1197 1108 1276 dedit,
1122 1199 1163 1261 ad
1174 1199 1265 1260 tidem
1276 1203 1338 1260 Zo-

245 1303 316 1362 uimi
336 1300 547 1362 stabiliendam
567 1301 819 1385 evertendamquo
837 1303 875 1362 ah
893 1324 929 1362 eo
943 1305 1145 1383 anapioionem
1155 1304 1284 1379 indam,
1305 1300 1340 1362 id

245 1401 329 1484 quod
349 1403 407 1462 tihi
427 1403 590 1466 editionem
604 1404 730 1486 parandi
744 1405 838 1466 initae
852 1407 1037 1485 propoaitum
1053 1404 1141 1482 dioit,
1163 1425 1250 1466 auam
1263 1425 1339 1486 ope-

247 1523 311 1563 ram
326 1516 357 1564 et
369 1507 538 1566 institutum
551 1527 658 1587 parum
670 1505 803 1568 studiose
816 1504 963 1568 adhibuit.
1007 1504 1045 1567 de
1063 1509 1162 1568 verbio
1182 1517 1344 1566 oontextua

247 1603 325 1688 nihil
344 1617 509 1686 mutatum,
531 1611 564 1668 in
583 1611 662 1670 notis
683 1621 785 1670 tamen
803 1607 953 1692 quaedam
972 1611 1039 1671 looa
1056 1610 1264 1670 mllioitantnr.
1304 1611 1339 1668 in

246 1709 332 1772 libris
355 1708 471 1772 duobus
489 1712 638 1790 prioribus
659 1731 721 1770 non
740 1713 992 1793 Sylhurgianum,
1021 1712 1092 1788 sod,
1119 1710 1203 1794 quod
1225 1731 1284 1772 nau
1308 1721 1340 1770 et
1380 1715 1391 1732 ⁶

248 1816 469 1891 comparatione
498 1813 578 1874 faeta
597 1811 864 1892 deprehendimur,
893 1814 1132 1896 Stephaniaoum
1150 1824 1270 1875 textum
1289 1835 1340 1874 ra-

246 1915 344 1994 petiit.

331 2017 513 2080 Perlustrata
533 2035 637 2078 eorum
656 2018 765 2098 quibua
789 2017 823 2076 in
842 2018 963 2078 zosimo
991 2014 1186 2098 perpoliendo
1212 2028 1242 2076 et
1267 2017 1341 2076 illu-

246 2117 368 2178 atrando
388 2119 521 2180 rtudiann
542 2117 666 2201 aliquod
679 2121 813 2198 positum
824 2118 899 2192 luit,
920 2121 1094 2181 Leunolarii
1107 2119 1255 2200 Stephani
1267 2121 1341 2199 Syl-

244 2221 345 2300 hurgii
366 2222 486 2282 cellarii
504 2231 534 2280 et
554 2219 676 2283 Smithii
698 2241 807 2302 opera,
830 2223 956 2299 singulis
980 2221 1104 2303 quidem
1119 2243 1184 2282 esso
1197 2233 1340 2302 suaqua-

245 2323 406 2406 liaounquo
428 2327 534 2384 merita
553 2326 586 2384 in
607 2321 783 2384 historicum
798 2334 933 2383 nosram
949 2324 1144 2404 intelligitur,
1166 2345 1270 2384 verum
1283 2325 1340 2382 ah-

246 2445 312 2486 oooe
329 2427 418 2486 ahila
434 2428 576 2487 eumalio
592 2437 657 2486 tunt
674 2427 865 2505 potissimum
881 2445 996 2502 rerum,
1019 2445 1098 2508 quae
1111 2449 1130 2487 a
1147 2430 1267 2487 zosimo
1281 2445 1341 2485 ex-

245 2539 412 2608 ponuntur,
433 2529 576 2592 subtilem
596 2548 632 2588 ao
656 2527 832 2608 diligentem
852 2529 1091 2608 explorationem
1111 2542 1141 2588 et
1162 2531 1343 2588 illustratio-

163 2647 192 2704 ι).
210 2645 230 2684 x
247 2649 333 2707 nem,
355 2649 448 2712 quom
461 2651 517 2692 neo
528 2631 565 2690 ah
579 2631 818 2710 Franco-gallico
832 2632 897 2690 eiua
908 2632 1069 2711 interprete
1080 2633 1121 2690 L.
1135 2631 1246 2693 amo
1265 2631 1339 2712 (qui

246 2735 327 2794 uolua
341 2737 496 2794 zosimum
510 2735 667 2792 recentiori
681 2731 823 2792 idiomate
835 2735 1044 2813 interpretatus
1059 2744 1123 2809 eat,
1145 2755 1214 2794 oum
1226 2733 1339 2815 Xiphi-

246 2835 309 2896 lino
328 2849 358 2898 et
375 2841 507 2913 haara,
528 2837 766 2913 Pamm1678,
787 2834 825 2914 4,
844 2847 875 2897 et
893 2835 1183 2913 Atmtelodami12,
1205 2838 1339 2897 obscurio

245 2947 349 2998 tamen
372 2939 461 3016 loeia,
494 2948 529 3000 ut
548 2957 607 2998 tuu
629 2934 831 3019 deprehendi,
857 2958 920 2999 uon
942 2937 1057 3019 versia)
1084 2941 1252 2998 institutam
1271 2957 1338 2997 ease

245 3038 521 3100 animadvertimus.
563 3037 604 3098 ad
625 3043 715 3101 otiain
730 3044 764 3101 in
780 3043 900 3101 Zoaimo
916 3039 1131 3116 exercendam,
1153 3042 1210 3099 etsi
1228 3041 1339 3100 ohoou·
1364 3065 1367 3073 ·

246 3144 344 3226 ritate
353 3153 383 3204 et
404 3141 578 3205 difficultate
600 3153 653 3202 ant
667 3163 733 3203 raro
751 3143 867 3202 laboret
882 3153 933 3200 aut
945 3143 1053 3202 aaltem
1065 3145 1198 3201 oritieam
1209 3141 1338 3202 mediol-

246 3265 319 3306 nam
340 3265 406 3305 roro
422 3225 590 3321 desideret,
615 3265 690 3325 opua
714 3265 780 3304 esee
800 3243 937 3304 oodioum
956 3243 1235 3321 aobaidiovidetur,
1255 3244 1340 3326 quod

248 3369 290 3408 ex
308 3349 411 3408 ltaliae
434 3348 633 3424 membranis,
655 3347 761 3422 oredo,
782 3345 942 3429 aiquaudo
957 3366 1060 3405 eorum
1072 3367 1145 3406 uana
1160 3333 1257 3407 faotiu
1271 3350 1338 3424 erit,

247 3447 331 3510 haud
346 3469 418 3510 eane
430 3452 536 3512 inutile
549 3453 656 3511 artemi
672 3451 792 3530 poterit.
834 3468 907 3509 nam
927 3446 1071 3530 quioquid
1083 3447 1181 3508 adhue
1198 3447 1239 3510 ad
1250 3452 1339 3510 zou-

247 3571 333 3612 mum
347 3574 363 3612 e
376 3551 526 3614 oodioibua
538 3556 675 3634 pervenit
689 3553 812 3626 aruilii,
833 3549 910 3610 illud
918 3549 958 3608 ad
969 3552 1225 3611 Leunolaviaoum
1235 3563 1265 3612 et
1277 3555 1340 3611 Pa-

248 3653 376 3714 latinum
398 3653 491 3732 redit,
521 3675 648 3737 quorum
671 3655 724 3714 ille
744 3651 827 3733 apud
846 3655 894 3713 ur.
914 3651 1074 3715 Pithoeuut
1096 3665 1278 3730 mereatur,
1299 3655 1339 3714 ah

246 3759 387 3825 Aemerio
407 3755 537 3820 Thuano
557 3757 723 3836 exroriptm
747 3767 778 3816 et
798 3756 834 3814 ab
857 3759 902 3815 lo·
919 3757 1075 3836 Opsopoeo
1091 3777 1161 3816 oum
1176 3757 1337 3838 arohotypo

245 3860 372 3920 collatur
387 3859 446 3918 fuit
459 3861 492 3919 iu
509 3861 636 3939 gratiam
646 3859 810 3937 Sylburgii.
852 3856 961 3939 quodni
973 3857 1049 3918 fider
1062 3869 1121 3919 atat
1132 3881 1201 3920 oum
1212 3862 1339 3940 epistola

244 3943 399 4038 Goldeiti,
422 3979 513 4043 quam
534 3980 623 4041 supra
644 3958 800 4035 dedirunt,
821 3979 863 4019 ex
883 3961 970 4020 ltalia
993 3963 1050 4022 iste
1067 3960 1165 4023 oodex
1182 3963 1215 4020 in
1230 3981 1340 4022 manua

247 4065 422 4126 Leunolarii
444 4066 543 4124 venit:
564 4075 695 4124 ueterum
718 4063 750 4121 in
773 4063 907 4141 margine
928 4061 1151 4124 emendationes
1166 4085 1235 4141 oen,
1257 4063 1340 4147 qood

247 4169 376 4233 similius
390 4169 454 4227 veri
468 4165 602 4243 ridetur,
622 4168 771 4246 variantes
781 4167 923 4226 leotioner
934 4162 1054 4243 habuit,
1076 4168 1147 4247 quia
1163 4169 1339 4249 marginalia

247 4272 337 4344 teatio
349 4289 410 4334 noa
423 4269 534 4356 ubique
549 4271 726 4349 meliorest,
746 4265 802 4331 aed
815 4288 904 4353 saepe
918 4268 1025 4331 vitiem
1037 4277 1068 4330 et
1081 4265 1219 4332 deterior.
1262 4271 1340 4331 olte-
