3025 4892
239 273 315 350 364
648 277 927 348 REITEMEIERI

324 465 356 523 p.
370 448 430 509 107
444 466 474 504 v.
491 448 541 510 12.
584 443 647 504 vid.
669 448 786 508 comm.
804 446 900 527 ieg.1
920 443 959 504 de·
971 445 1100 508 immun.
1115 464 1248 506 concess.
1264 465 1344 527 quaa

239 527 312 594 huic
325 533 500 590 Marcellino
514 533 695 590 inscribitur.
738 535 849 592 Ram.

326 636 358 694 p·
374 620 434 681 108
452 637 482 674 v·
499 620 529 680 9.
574 617 777 700 Mayvimov.
821 616 883 678 vid.
903 619 1020 678 Corum.
1040 613 1079 674 ad
1097 615 1120 674 l.
1136 613 1158 678 5
1176 634 1202 673 c.
1220 613 1284 674 Th.
1303 613 1342 674 de

240 704 377 782 paganis.
422 703 534 760 Ritter.

326 786 481 852 ib.v.13.
525 789 695 848 Constantis
714 807 838 864 necem,
860 788 1095 860 narrationibus,
1120 795 1155 844 ut
1171 803 1211 843 ex
1226 787 1343 844 Zonara

243 873 284 934 13
306 877 326 936 6
348 882 445 951 patet,
473 893 528 951 per
544 875 702 951 scriptores
722 878 869 932 variatam
892 873 1067 951 diverseque
1088 869 1246 944 traditam,
1267 889 1344 928 num

241 957 334 1020 Gaiso
346 961 578 1036 perpetraverit,
600 960 684 1020 locus
694 961 815 1018 Libanii
837 959 903 1042 (or.
921 964 940 1023 6
958 979 989 1038 p.
1006 959 1067 1021 110
1083 955 1132 1016 ed.
1149 958 1344 1034 Bongiovan-

240 1040 304 1120 nii)
328 1039 452 1102 dubium
470 1044 551 1102 facit.
871 1039 874 1046 ¹

327 1126 369 1186 ib.
387 1149 418 1186 v.
434 1131 484 1193 16.
528 1133 561 1186 in
583 1133 734 1210 occupatis
756 1151 813 1211 per
830 1131 1038 1208 Magnentiurn
1059 1127 1220 1207 provinciis
1241 1125 1346 1184 Africa

244 1230 365 1294 quoque
379 1211 461 1292 apud
476 1215 656 1294 Eutropium
672 1226 702 1274 et
716 1217 871 1276 Socratem
885 1226 1070 1274 muneratur.

331 1297 373 1356 ib.
390 1319 421 1356 v.
435 1302 488 1361 20.
530 1301 669 1361 Socrates
689 1305 768 1360 tlist.
789 1303 905 1361 Eccles.
922 1305 942 1364 2
964 1303 1005 1363 82
1027 1298 1142 1378 (quem
1163 1294 1347 1355 adverbum

246 1385 382 1462 sequitur
394 1384 578 1444 Sozomeuus
593 1385 614 1448 4
635 1387 676 1463 7)
701 1390 835 1446 Mursam
854 1396 941 1446 vocat
959 1381 1110 1464 φρούριον
1126 1386 1188 1444 τῶν
1202 1383 1348 1455 Patitur,

246 1469 364 1527 Galliae
388 1471 555 1529 castellum.
598 1468 769 1550 Stephanus
791 1473 976 1552 Byzantinus
993 1464 1111 1550 Μύρσα
1126 1463 1210 1539 πόλις
1223 1460 1347 1540 varius,

245 1555 353 1632 κτίσμα
365 1547 531 1635 Ἀδριανοῦ.
575 1577 615 1614 ex
625 1560 747 1616 Zosimo
761 1557 931 1636 Stephanus
945 1551 1136 1632 corrigendus
1149 1564 1179 1611 et
1193 1550 1349 1622 lincurius

247 1658 302 1718 pro
316 1631 429 1712 Ἰωνίας
443 1640 651 1706 scribendum:
674 1645 810 1702 Socrates
827 1653 928 1704 antem
946 1641 1041 1700 falsus
1057 1651 1117 1714 eat,
1138 1649 1172 1696 ut
1186 1635 1293 1695 itidem
1308 1654 1349 1692 ex

247 1735 351 1784 nostro
374 1725 500 1784 clarum.
541 1746 599 1785 uec
619 1726 762 1786 audiendi
782 1731 834 1808 qui
855 1731 947 1786 aliam
964 1726 1097 1798 Galliae,
1119 1725 1210 1782 aliam
1227 1725 1350 1779 Panno·

245 1811 315 1868 niae
328 1812 462 1868 Marsum
476 1821 619 1871 statuunt.
654 1810 730 1872 haec
748 1815 900 1892 Scaligeri
913 1812 1003 1872 verba
1016 1809 1169 1869 adnotavit
1186 1806 1346 1866 celanen.

333 1895 375 1952 ib.
394 1915 423 1954 v.
443 1899 491 1959 19.
535 1916 709 1978 quanquam
720 1903 752 1956 in
768 1897 946 1962 declaranda
958 1917 1012 1976 per
1024 1897 1237 1956 vetranionem
1250 1895 1349 1969 impe-

248 1981 288 2038 rii
309 1983 422 2038 ratione
445 1978 601 2040 dissentire
623 1988 782 2062 scriptores
800 1984 956 2058 videntur,
979 1981 1052 2040 dum
1067 1981 1205 2038 Zosimus
1218 1979 1351 2036 rnilitum

249 2085 321 2124 eum
339 2063 489 2142 suffragiis
504 2070 716 2145 imperatorem
730 2071 845 2128 facturn
858 2067 966 2143 tradit,
987 2068 1121 2126 lubanus
1144 2064 1201 2148 (or.
1219 2067 1234 2125 1
1249 2083 1279 2141 p·
1294 2057 1349 2140 47)

249 2169 305 2229 per
326 2151 534 2208 Constantium
555 2155 671 2230 ipsum,
693 2165 727 2212 ut
748 2151 873 2212 haberet
888 2156 1003 2213 scilicet
1016 2171 1108 2232 quem
1122 2149 1288 2228 Magnentii
1300 2148 1351 2202 iu-

250 2237 381 2296 cursioni
392 2247 565 2313 opponeret,
588 2248 618 2296 et
630 2236 848 2318 philostorgius
861 2261 916 2320 per
930 2240 1134 2297 Constantiam
1147 2233 1351 2294 111111ιηί111-

247 2323 393 2398 peratoris
408 2319 575 2380 diademate
588 2324 691 2398 misso,
714 2323 866 2384 dissensus
880 2337 982 2384 tamen
995 2325 1047 2380 lile
1059 2322 1160 2380 nullus
1173 2321 1238 2392 erit,
1261 2315 1353 2374 dum·

247 2403 339 2464 modo
354 2407 486 2484 primum
499 2425 516 2463 a
531 2409 710 2466 vetranione
729 2429 799 2469 vere
816 2409 988 2469 affectatum
1000 2410 1160 2486 imperium
1175 2415 1352 2476 statuamus,

248 2501 355 2570 postea
378 2501 479 2550 autern
498 2511 567 2549 curn
581 2493 774 2570 tyrannidem
786 2499 848 2554 iarn
863 2505 1038 2574 occupatam
1052 2502 1182 2566 teneret,
1203 2509 1258 2567 per
1272 2488 1353 2544 Con-

251 2577 414 2650 stantium,
435 2597 474 2634 ne
490 2597 559 2635 cum
572 2575 690 2638 duobus
704 2581 763 2639 sibi
776 2586 911 2660 tyrannis
925 2583 1066 2639 socletate
1080 2577 1245 2636 coniunctis
1260 2571 1354 2630 dimi-

250 2659 382 2720 caudum
405 2661 499 2736 foret,
522 2673 702 2741 potestatem
726 2669 791 2725 eius
816 2665 856 2724 ad
878 2669 1011 2744 speciem
1027 2665 1120 2722 fuisse
1138 2661 1353 2719 confirmatam.

252 2749 302 2804 cui
321 2743 444 2826 quidem
465 2751 509 2805 rei
530 2752 596 2826 ipse
610 2748 725 2810 fraudis
740 2755 840 2811 exitus
853 2763 883 2810 et
895 2751 1083 2812 Vetranionis
1100 2745 1227 2806 delectio
1241 2745 1278 2801 ab
1292 2745 1354 2800 irn-

250 2834 336 2909 perio
350 2836 422 2891 satis
438 2832 609 2911 respondet.

338 2917 380 2977 ib.
400 2937 430 2975 v.
442 2922 494 2982 28.
537 2920 745 2980 laxamentum
764 2932 866 2978 tamen
885 2921 1057 2980 Constantio
1076 2915 1177 2991 dedit,
1198 2909 1279 2995 quod
1296 2911 1355 2970 Sa·

252 3003 321 3078 pori
336 3000 374 3058 ad
390 3004 591 3081 Massagetas,
612 3008 800 3064 incursantes
816 3008 976 3066 Persarum
991 3005 1081 3079 fines,
1103 3003 1220 3061 bellum
1234 3007 1355 3058 verten-

254 3085 330 3145 dum
343 3097 421 3161 erat,
444 3091 554 3147 Zonar.
573 3094 655 3168 131.
671 3092 721 3153 11.
1284 3083 1287 3090 ¹

339 3192 371 3251 p·
394 3174 504 3236 1091.
527 3179 557 3236 6.
599 3177 723 3234 Aurelio
742 3179 819 3235 vict.
845 3174 1045 3248 14211111,
1074 3173 1272 3252 Nepotianus,
1303 3165 1356 3246 qui

254 3275 347 3336 prave
361 3256 443 3335 apud
458 3279 528 3318 eum
542 3261 738 3320 Potentianus
750 3263 904 3336 scribitur,
927 3269 1070 3339 occupata
1084 3253 1242 3338 tyrannide
1256 3271 1356 3311 arma-

256 3350 320 3399 tam
342 3341 542 3420 gladiatorum
563 3364 688 3404 manum
708 3343 832 3423 babuit,
855 3359 884 3406 11
900 3347 990 3406 caede
1008 3345 1103 3406 multa
1123 3347 1155 3402 iu
1175 3343 1256 3400 cives
1276 3335 1358 3402 edita

255 3427 363 3489 urbem
376 3431 474 3505 ipsam
489 3431 595 3488 tenuit.

342 3531 375 3589 p.
391 3515 452 3574 110
467 3532 497 3570 r.
515 3517 543 3574 1.
586 3513 760 3594 frequentes
779 3517 859 3574 iuter
877 3517 1084 3594 Magnentium
1099 3512 1311 3573 vetranionem
1328 3515 1359 3564 at

257 3595 466 3656 Constantium
483 3599 665 3676 legationes,
689 3619 708 3657 a
725 3605 847 3660 Zosimo
862 3604 984 3662 confuse
1000 3612 1029 3660 11
1039 3598 1209 3680 perturbate
1223 3591 1359 3668 traditas,

256 3681 472 3743 Tillemontius
486 3683 619 3744 studiose
629 3687 772 3764 explicat.

342 3765 383 3825 ib·
402 3786 432 3823 v·
448 3773 479 3832 8.
522 3771 566 3845 εἰς
584 3765 686 3834 cadri.
727 3770 768 3829 ad
782 3774 940 3848 Naisunn,
962 3771 1146 3850 Hieronymo
1164 3768 1197 3824 in
1213 3761 1360 3824 0111111111

256 3861 343 3912 teste.
390 3853 503 3914 Collar.

342 3935 385 3995 ib.
402 3959 432 3996 v.
446 3942 477 4001 8.
519 3949 661 3998 monente
676 3938 717 3998 ad
731 3938 892 3999 Guthrium
904 3941 1028 4014 Bitiam,
1050 3957 1112 3996 non
1125 3936 1248 4014 generis·
1260 3929 1363 4010 digui-

259 4032 322 4096 tas,
344 4021 398 4080 sed
420 4027 596 4100 auctoritas,
619 4024 702 4106 quod
723 4028 843 4106 imperii
863 4029 941 4105 gesti
956 4027 1043 4084 aunis
1057 4025 1205 4104 praeiret,
1229 4020 1362 4097 priorem

261 4103 381 4168 dicendi
395 4109 495 4167 locum
510 4108 604 4167 dedit.

345 4191 387 4252 ib.
404 4213 434 4250 v.
453 4195 502 4258 15.
545 4194 638 4267 tidem
657 4193 837 4254 babebimus
861 4196 1007 4252 maiorem
1021 4193 1138 4252 iuliano
1161 4189 1227 4268 (or.
1244 4194 1259 4250 1
1277 4206 1306 4264 p·
1322 4187 1364 4248 30

259 4267 305 4335 ibi
316 4273 473 4358 Spania),
495 4281 549 4360 qui
566 4299 628 4339 nou
649 4282 782 4340 militum
799 4283 833 4342 vi
855 4291 885 4340 et
905 4283 1020 4360 impetu
1042 4278 1257 4340 vetranionem
1279 4269 1366 4330 deie-
