3025 4892
248 265 319 337 162
726 256 878 328 zosnul

246 444 308 505 τῶν
316 432 474 519 Ῥωμαίων
489 438 607 519 τροφῆς
622 430 735 522 ἀπορίη
749 430 891 511 πιέζοιτο,
910 422 1081 507 συστάντας
1097 430 1132 495 δέ
1147 425 1259 503 αὖτοδς
1272 424 1353 491 κατὰ

249 540 379 615 πολλοὺς
394 536 505 620 λόχους
515 538 694 619 ἐκδέχεσθαι
709 532 959 616 τοδςῬωμαίους
972 530 1015 610 ὡς
1029 532 1068 615 δὴ
1081 531 1126 614 μὴ
1140 527 1264 619 σφόδρα
1274 534 1352 592 πολ-

248 644 321 721 λοὺς
338 641 588 722 διανοουμένους,
609 637 677 705 τότε
698 636 736 719 δὴ
753 638 996 722 συνειλεγμένους
1010 638 1053 713 είς
1066 634 1178 701 ταῦτδν
1192 628 1352 714 θεασάμε·

248 772 295 813 ναι
311 745 387 831 πρδς
402 743 458 826 τὴν
475 742 574 826 όχθην
591 739 749 828 έχιόρησαν
763 747 820 807 τοῦ
836 745 988 822 ποταμοῦ.
1037 745 1099 805 τοῖν
1122 740 1156 803 δὲ
1176 734 1352 822 ἡγουμένων

249 856 304 917 τοῦ
318 854 452 932 στρατοῦ
466 843 666 911 κατασκόπων
679 849 721 921 είς
732 854 839 929 χεῖρας
854 841 1008 908 ἐλθόντων
1020 844 1115 932 μοίρρι
1129 844 1186 908 τινὶ
1199 844 1376 925 Περσυιῇ,5

248 947 442 1032 Μακαμαΐός
451 976 497 1026 τις
509 948 623 1033 γυμνὸς
634 944 694 1012 vind
709 948 887 1034 προθυμίας
900 945 1049 1011 tamardo
1061 946 1213 1032 τέσσαρας
1225 944 1352 1039 ἀναιρεῖ,

248 1055 484 1142 συστραφέντων
502 1053 532 1116 δ’
548 1050 614 1133 ἅμα
628 1056 749 1115 πολλῶν
763 1048 813 1115 ἐπ’
829 1050 923 1115 αὐτὸν
935 1046 1190 1137 κατασφάττεται.
1215 1051 1354 1134 Μαῦρος

250 1160 283 1224 δέ
304 1156 437 1243 άδελρδς
454 1155 496 1221 ὢν
513 1154 624 1233 αὐτοῦ,
647 1152 682 1219 τδ
700 1158 791 1236 σῶμα
805 1154 879 1219 ίδιδν
894 1155 926 1218 έν
939 1153 1044 1235 μέσοις
1055 1155 1189 1234 κείμενον
1203 1152 1353 1236 Πέρσαις,

250 1259 376 1347 ἁρπάζει
393 1259 468 1323 αὐτὸ
488 1262 538 1323 καὶ
554 1258 606 1321 τόν
621 1264 741 1341 πρῶτον
758 1259 911 1322 παίσαντα
930 1258 1045 1321 κτείνει.
1096 1258 1147 1321 καὶ
1169 1253 1224 1319 οδκ
1246 1254 1352 1319 ἀπεῖπε

248 1360 446 1449 βαλλόμενος,
468 1360 556 1449 ἄχρις
571 1356 620 1426 ότε
640 1360 692 1427 τδν
708 1360 844 1448 ἀδελφόν
862 1359 995 1443 έμπνουν
1009 1358 1052 1425 έτι
1070 1366 1115 1449 τῷ
1131 1365 1254 1449 στρατῷ
1271 1383 1352 1445 παρ·
1362 1371 1396 1425 10

248 1471 368 1533 έδωκεν.

352 1568 413 1637 27.
461 1563 623 1654 ᾟλθόντες
646 1566 680 1632 δέ
703 1568 746 1643 είς
770 1563 857 1631 πόλιν
878 1564 1057 1653 Βαροφθδς
1079 1562 1134 1630 τόν
1153 1562 1242 1647 χιλὸν
1266 1553 1355 1649 εὗρον

248 1670 309 1738 δπδ
330 1678 391 1737 τῶν
413 1667 584 1757 βαρβάρων
607 1670 873 1757 καταπρησθέντα.
924 1670 1036 1755 μοίρας
1061 1667 1096 1733 δέ
1118 1692 1200 1744 τινος
1223 1670 1355 1753 Περσῶν

249 1776 316 1859 ἅμα
334 1780 524 1861 Σαρακηνοΐς
541 1774 753 1861 ἐπιφανείσης,
779 1776 831 1838 καί
848 1772 919 1837 aridi
937 1770 1009 1859 άχρι
1024 1772 1103 1848 θέας
1119 1771 1173 1837 τὸν
1186 1768 1355 1851 Ῥωμαϊκόν

249 1878 382 1965 στρατόν
403 1872 580 1958 ὑποστάσης
603 1876 674 1939 ἀλλ’
694 1872 828 1941 αότόθεν
846 1875 984 1961 άηανοῦς
999 1876 1175 1958 γενομένης,
1201 1874 1272 1939 κατ’
1288 1873 1396 1941 dit-15

249 2006 323 2067 γους
345 1983 387 2055 εἷς
410 1978 504 2043 ταότό
530 1976 682 2054 συνιόντες
699 1978 728 2043 oi
745 1980 868 2064 Πέρσαι
887 1978 1105 2061 συνειλεγμένοι
1123 2002 1154 2042 τε
1175 1980 1218 2053 είς
1234 1982 1355 2060 πλῆθος

248 2084 308 2168 ἤδη
336 2090 481 2169 παρεῖχον
501 2076 647 2145 ὑπόνοιαν
670 2077 712 2156 ὡς
734 2077 961 2161 ἓπελευσόμενοι
978 2090 1042 2156 τοῖς
1056 2078 1235 2165 ὑποζυγίοις.
1286 2076 1355 2145 τότε

250 2189 289 2271 δὴ
306 2192 426 2273 πρῶτος
445 2182 532 2260 ένδδς
546 2182 599 2248 τόν
611 2180 743 2268 θεόρακα
759 2180 776 2247 ὅ
793 2182 938 2263 βασιλεὺς
954 2183 1068 2260 παντὸς
1081 2185 1137 2265 μέν
1154 2183 1246 2260 αὐτὸς
1262 2182 1355 2267 προέ-
1446 2184 1451 2191 ’

250 2294 347 2379 δραμε
366 2294 420 2353 τοῦ
437 2283 683 2371 στρατεύματος,
713 2287 742 2350 οἳ
758 2288 880 2372 Πέρσαι
896 2287 930 2350 δέ
948 2286 1005 2368 οὐχ
1020 2283 1201 2370 ὑπέμειναν,
1224 2284 1297 2351 ἀλλ’
1313 2288 1355 2362 είς

248 2391 321 2469 τοδς
345 2391 448 2465 αὐτοῖς
469 2390 673 2473 ἐγνωσμένους
693 2388 866 2476 ἀποδρᾶναι
886 2390 1050 2474 διέγνωσαν
1067 2387 1189 2467 τόπους.
1240 2388 1397 2476 προϊιδνεο

250 2497 284 2561 δέ
299 2498 341 2572 είς
355 2490 460 2575 κώμην
472 2489 602 2574 έλήλυθι
618 2489 779 2579 Σόμβραν,
796 2491 863 2577 ἥτις
874 2495 907 2558 έν
918 2495 1003 2582 μίσιρ
1020 2496 1105 2559 δυοῖν
1120 2503 1215 2559 κεῖται
1227 2491 1354 2571 πόλεων,

250 2595 300 2677 αίς
313 2594 450 2680 ὀνόματα
463 2596 612 2681 Νίσβαρα
626 2599 676 2661 καὶ
690 2595 886 2682 Νισχανάβη.
938 2600 1053 2685 διαιρεῖ
1071 2597 1105 2663 δέ
1125 2595 1241 2675 ταότας
1260 2594 1278 2662 ὁ
1296 2598 1354 2661 Τί-

317 2748 335 2848 b
353 2790 481 2845 Anniano
498 2788 694 2845 Modonnos.
797 2793 831 2848 12
848 2791 1007 2865 Βαρσφθδις
1022 2794 1055 2850 P.
1160 2794 1192 2849 15
1209 2790 1355 2861 γινομένης

318 2862 380 2915 ΙιΡι
399 2878 457 2916 corr
474 2860 503 2915 S.
608 2862 642 2916 16
659 2857 797 2925 συνιέντες
812 2862 867 2918 LP.
970 2866 1005 2921 21
1020 2862 1152 2919 Ammiano
1168 2864 1353 2920 lincomisum.

250 3036 355 3088 coactos
365 3033 392 3087 in
406 3033 492 3105 plures
503 3036 599 3087 turmas
611 3032 741 3087 Romanos
753 3034 880 3105 opperiri,
900 3052 965 3105 quos
976 3054 1025 3089 non
1038 3035 1170 3089 admodum
1182 3034 1274 3086 multos
1283 3034 1354 3085 arbi·

248 3110 388 3169 narentur,
407 3103 450 3155 ubi
462 3102 512 3155 iam
524 3104 647 3156 collectae
657 3104 682 3156 in
693 3120 770 3156 uuurn
782 3104 984 3186 conspexissent,
1003 3104 1036 3156 ad
1050 3105 1131 3172 ripum
1142 3102 1252 3155 fluminis
1263 3103 1353 3155 tande·

248 3172 320 3226 bant.
356 3172 397 3224 hic
415 3190 471 3225 cnm
489 3174 685 3241 exploratores,
708 3173 751 3241 qui
770 3182 908 3225 exercitum
921 3173 1126 3242 praecedebant,
1151 3189 1208 3223 curn
1220 3173 1354 3225 Persarum

249 3258 331 3294 cuneo
343 3241 452 3310 quodam
465 3256 553 3293 manus
564 3250 736 3308 consererent,
755 3240 918 3293 Muennaeus
931 3242 1042 3309 quidam,
1060 3259 1123 3309 prae
1136 3240 1210 3292 animi
1220 3241 1355 3293 alacritate

247 3310 351 3363 inermis
362 3310 388 3361 in
399 3310 486 3361 bostes
499 3308 612 3372 irruens,
629 3314 750 3377 quattuor
761 3328 794 3361 ex
805 3310 843 3361 eis
853 3310 983 3363 iuterfin‘t.
1019 3326 1107 3363 verum
1119 3309 1233 3379 pluribus
1243 3309 1316 3361 simul
1328 3310 1355 3362 in

248 3396 306 3431 eum
319 3376 449 3431 conversis
460 3384 594 3429 nectatur.
630 3377 685 3429 eius
696 3378 780 3431 freter
788 3378 893 3431 Maurus
903 3387 1067 3448 conspectum
1079 3378 1174 3431 medios
1184 3379 1251 3431 inter
1259 3378 1355 3432 Persas

247 3448 389 3499 fraternum
409 3458 504 3513 corpus
523 3445 574 3496 arri
595 3445 631 3509 it,
648 3451 675 3497 et
686 3462 742 3499 eum
754 3446 798 3515 qui
811 3448 906 3516 primus
917 3448 994 3513 ictum
1006 3448 1130 3501 intulerat
1144 3448 1253 3514 occidit,
1270 3465 1354 3515 neque

248 3514 425 3635 tegppetitns
440 3512 549 3565 animum
586 3514 720 3584 espondit,
744 3516 826 3569 donec
842 3518 949 3570 fratrem
969 3516 1052 3570 adbuc
1070 3517 1209 3588 spirantem
1228 3517 1353 3570 exercitui

247 3601 276 3637 re
314 3601 322 3634 1

318 3652 361 3705 97.
397 3650 462 3703 Cum
480 3655 585 3703 ventum
602 3649 635 3703 ad
651 3652 772 3721 oppidum
791 3652 953 3723 Barophthas
969 3659 1053 3719 esset,
1079 3654 1353 3725 pabulumabarban's

249 3730 366 3775 exustum
386 3727 566 3789 reppererunt.
599 3726 764 3791 posteaquam
776 3739 871 3776 cuneus
882 3722 981 3793 qnidam
995 3723 1131 3775 Persarum
1144 3742 1200 3776 cum
1216 3724 1353 3776 Saracenis

248 3796 402 3859 conspectus
422 3788 529 3853 suisset,
547 3804 579 3840 ac
589 3806 622 3841 na
632 3790 698 3842 facie
709 3791 810 3859 quidem
822 3799 896 3844 tenus
908 3792 1049 3845 exercitum
1062 3792 1202 3845 Romanum
1217 3792 1352 3845 sustinnis-

249 3866 300 3927 set,
317 3858 361 3911 sed
373 3875 406 3910 ex
418 3856 537 3911 oculisne
549 3858 669 3910 continuo
684 3860 848 3924 subduceret,
865 3864 990 3913 coeuntes
1002 3861 1043 3914 alii
1057 3870 1116 3931 post
1125 3862 1187 3914 alios
1200 3862 1292 3929 exiguo
1303 3878 1352 3912 nu-

248 3944 319 3980 mero
334 3928 437 3991 Persae,
455 3926 531 3995 globo
543 3943 645 3980 suorum
658 3928 775 3994 collecto,
793 3929 914 3983 Romanis
926 3947 981 3983 earn
994 3930 1028 3982 de
1037 3948 1066 3983 se
1078 3932 1234 3999 praebebant
1251 3930 1351 3998 opinio-

247 4014 305 4050 nem
317 3997 389 4066 quasi
400 3996 512 4048 iumenta
523 4004 611 4049 essent
622 3998 775 4065 aggressuri.
811 4003 864 4050 turn
883 4016 947 4052 vero
964 3999 1059 4067 primus
1070 4000 1173 4051 loricam
1185 3999 1292 4051 induens
1301 3998 1351 4049 irn-

246 4073 351 4137 perator
362 4066 507 4117 universum
519 4065 610 4118 cursim
620 4065 735 4118 anteibat
747 4068 903 4129 exercitum
918 4086 967 4121 nec
976 4068 1152 4120 sustinuerunt
1159 4068 1280 4137 impetum
1289 4068 1351 4119 Per-

246 4152 306 4197 sae,
323 4136 368 4187 sed
380 4135 406 4186 in
416 4135 472 4187 loca
483 4132 531 4186 sibi
543 4141 605 4188 nota
615 4132 797 4203 diffugiendum
813 4145 974 4220 censuerunt
1010 4138 1097 4205 itaque
1108 4151 1259 4206 progressus
1270 4136 1352 4204 inpe-

246 4212 319 4255 rator
331 4204 362 4255 ad
374 4204 457 4256 uicurn
469 4203 604 4270 Symbram
617 4203 705 4271 venit,
731 4206 774 4275 qui
788 4205 889 4259 duobus
901 4205 1001 4329 opppdis
1012 4205 1163 4270 interiacet,
1180 4221 1288 4274 quorun
1305 4223 1352 4256 no·

246 4272 547 4327 minasuntNiebaruet
559 4272 732 4329 Nischanabe.
760 4274 930 4347 baecoppidu
970 4274 1032 4345 igris
1043 4273 1152 4341 diridit3
1169 4282 1198 4327 et
1208 4291 1274 4347 pons
1286 4284 1352 4342 erat,

342 3583 411 3635 isset
