3025 4892
387 268 722 374 commissurus
743 259 1013 374 merorum.
1177 303 1255 378 aas

154 491 231 554 guae
247 471 430 554 profusionis
444 473 680 554 opportunitates
696 481 727 532 et
743 471 847 552 copiae
861 483 941 532 sunt.
983 491 1045 531 non
1064 473 1157 552 prnbo
1179 491 1254 532 scu-

153 578 226 620 men
245 561 414 640 scriptoris,
442 557 524 618 huno
543 569 644 618 tamen
660 561 693 617 in
708 576 831 618 sensum
845 558 937 618 verbs
951 577 1015 616 esse
1029 556 1107 617 dicta
1120 561 1253 618 manile·-

155 655 237 704 stum
255 644 299 702 fir.
341 663 398 702 neo
420 645 523 724 paullo
542 655 612 702 ante
633 645 789 724 θρίαμβον
809 644 936 707 ἐκτελῶν
958 640 996 700 de
1011 663 1081 702 vero
1098 641 1251 724 triumpho
1330 671 1333 687 =

155 728 364 809 accipiendum
382 741 445 805 est,
466 732 566 808 agitur
586 729 624 787 de
642 731 779 808 ingressu
801 731 833 786 iu
856 729 962 788 urbem
977 729 1095 808 cpolim
1106 729 1256 788 Novemb.
1316 795 1320 806 q

156 833 185 873 u.
204 819 278 881 880.
319 817 422 894 itaque
440 834 498 873 nec
518 826 654 894 tempora
676 825 861 894 permutasse
881 817 1019 872 Zosimus
1040 812 1135 872 rideri
1155 813 1256 873 debet·

60 965 63 970 ,
156 901 280 959 omnino
299 901 400 975 illius,
422 912 474 958 ant
494 903 594 978 potius
611 900 780 978 scriptoris,
803 919 893 980 quem
910 900 963 958 ille
978 903 1129 978 sequitur,
1151 910 1256 958 aucto-

155 987 276 1044 ritatem
292 986 326 1044 iu
339 983 507 1045 Theodosii
522 985 612 1046 rebus
626 987 724 1044 nolim
740 985 882 1066 equidem
895 1003 1015 1064 prorsus
1028 983 1206 1042 elevandam
1220 1003 1256 1042 ac

156 1068 358 1148 spernendam
377 1067 499 1129 hahere.
542 1090 620 1152 quae
640 1073 723 1130 enim
743 1070 782 1130 de
801 1072 975 1150 corruptelis
991 1071 1076 1127 aulae
1093 1081 1123 1128 et
1136 1071 1255 1148 imperii

156 1166 379 1231 memorantur,
407 1175 597 1214 cumrerum
618 1155 789 1215 conditione
809 1159 938 1214 nimium
958 1157 1155 1229 conveniunt,
1177 1173 1255 1235 quae

81 1265 92 1282 ·
156 1251 209 1298 ast
225 1252 292 1300 turn
311 1241 370 1298 fuit
385 1251 438 1298 aut
451 1241 506 1300 sub
518 1242 588 1301 filiis
599 1243 731 1301 Honorio
747 1252 777 1300 et
790 1240 918 1301 Arcadio
932 1243 1066 1300 insecuta
1082 1250 1136 1298 est.
1180 1259 1258 1320 quo-

157 1345 226 1384 rum
247 1328 329 1384 enim
350 1327 499 1385 malorum
521 1325 572 1386 hio
593 1329 727 1386 excrevit
749 1347 852 1406 seges,
874 1329 952 1388 iacta
968 1337 1052 1384 erant
1067 1327 1258 1384 seminarium

156 1413 359 1489 superioribus
376 1409 545 1472 Theodosii
564 1413 760 1491 temporibus.
804 1431 864 1492 quo
888 1415 986 1490 magis
1005 1415 1097 1470 miror
1119 1411 1257 1470 acutissi-

156 1515 243 1554 mum
259 1499 376 1571 vinam,
398 1498 588 1572 Gibbonum,
608 1509 691 1556 tanta
705 1500 738 1555 in
753 1517 823 1557 eum
836 1496 1024 1574 indulgentia
1037 1499 1091 1554 uti.
1134 1497 1182 1554 H.

242 1601 273 1660 p·
288 1583 350 1644 211
365 1601 394 1638 v.
407 1584 459 1649 18·
502 1601 572 1641 cnm
593 1581 771 1642 detrimento
791 1585 835 1642 rei
854 1583 992 1662 publicae
1012 1583 1175 1660 imperator
1193 1581 1257 1638 Go-

157 1661 243 1739 thos,
266 1676 426 1746 postquam
437 1687 549 1728 nomen
565 1687 669 1726 eorum
681 1667 783 1726 delere
795 1669 905 1726 frustra
918 1678 1063 1740 tentarat,
1086 1667 1186 1725 oblata
1200 1685 1256 1744 per

158 1751 354 1809 Saturninum
378 1753 456 1811 ultro
477 1773 551 1833 pace
570 1755 603 1810 in
623 1755 698 1812 fines
716 1755 837 1832 imperii
852 1755 980 1832 recepit,
1004 1770 1151 1831 agrosque
1167 1752 1210 1810 eis
1222 1753 1256 1808 in

157 1837 272 1894 Moesia
287 1847 316 1894 et
328 1837 421 1896 Dacia
434 1839 547 1916 ripensi
559 1839 732 1917 assignavit.
776 1840 920 1917 Synesius
934 1837 972 1896 de
987 1856 1080 1915 regno
1094 1855 1125 1914 p·
1137 1835 1191 1900 25.

243 1919 285 1978 ib.
301 1940 330 1980 r.
344 1924 398 1985 21.
439 1926 519 1982 vitae
542 1924 672 1984 luxuriis
693 1943 729 1982 ac
750 1923 953 2003 voluptatibus
974 1920 1092 1980 deditae
1113 1930 1215 1979 notam
1237 1939 1256 1978 a

157 2002 333 2066 Theodosio
359 2026 459 2088 neque
485 2011 604 2082 lictor,
639 2011 741 2088 legem
763 2028 933 2068 memorans
956 2008 1122 2066 ministeria
1143 2005 1257 2064 lasciva

156 2091 358 2174 psaltriasque
398 2095 657 2154 comissationibus
700 2092 838 2152 adhiberi
876 2091 1113 2173 prohibentem,
1155 2110 1256 2172 neque

157 2175 301 2253 Pacatus,
338 2196 462 2238 mensae
488 2180 655 2258 imperialis
674 2181 826 2259 impensas
849 2177 951 2238 dicens
973 2181 1149 2237 imminutas
1172 2180 1258 2236 iussu

157 2261 346 2339 imperatoris
360 2261 456 2340 ‘esse,
473 2256 478 2265 ’
495 2267 692 2340 amovebmrt,
729 2285 829 2346 neque
860 2275 963 2324 contra
991 2265 1107 2322 Zosimi
1130 2261 1177 2342 (c.
1205 2261 1276 2336 28,‘

159 2365 187 2406 c.
206 2345 264 2421 tt,
292 2368 318 2405 c.
341 2347 402 2427 50)
427 2360 457 2409 et
476 2347 671 2430 Philostorgii
692 2350 752 2431 (11
776 2349 816 2429 2)
838 2350 993 2409 luxuriem
1015 2345 1182 2408 Theodosii
1208 2366 1259 2405 re·-

157 2428 410 2510 prehendentium
439 2438 647 2494 auctoritatem
679 2438 879 2495 continentiae
906 2434 1029 2494 laudem
1052 2431 1259 2492 vindicabunt.

159 2525 272 2595 quanta
292 2518 375 2574 enim
393 2519 426 2575 in
444 2518 534 2577 lande
556 2521 751 2598 Panegysiei,
775 2531 826 2578 unt
845 2525 878 2579 in
898 2521 965 2597 lege
983 2521 1110 2578 aliorum
1129 2518 1259 2576 luxuriis

87 2620 92 2628 ·
158 2598 285 2660 modum
305 2611 471 2676 statuente,
492 2605 592 2662 inesse
614 2614 713 2684 potest
737 2607 785 2662 vis
808 2603 847 2662 ad
869 2605 1079 2662 abstinentiam
1095 2607 1259 2681 imperato-

158 2685 206 2743 ris
223 2693 262 2826 eq
273 2686 407 2830 aliqnnm
426 2706 446 2746 a
463 2681 640 2772 libidinibus
658 2699 689 2749 et
708 2690 887 2768 voluptuosa
902 2691 962 2747 sita
980 2691 1116 2748 animum
1132 2686 1259 2747 demon-

158 2780 241 2829 stran
262 2790 315 2828 um

160 2859 462 3022 natifilii
475 2857 699 3032 ‚nillil
710 2854 1260 3023 iilitilpllitltll'til.

159 3026 210 3085 nis
223 3043 313 3085 causa
326 3026 535 3103 interdictum
556 3049 631 3089 mox
642 3027 812 3109 haruspicis
827 3033 917 3089 etiarn
932 3032 1049 3089 institui
1062 3027 1258 3108 prohibitum.

160 3111 274 3190 templa
294 3116 360 3170 sine
380 3116 464 3174 iussu
481 3117 670 3195 imperatoris
687 3113 849 3174 demolitus
868 3125 913 3174 est
929 3117 1026 3194 plebis
1044 3126 1073 3173 ct
1091 3116 1223 3172 militum
1241 3131 1259 3170 a

158 3193 317 3361 mondacpis
341 3201 505 3260 condtatus
521 3203 606 3260 furor
625 3201 751 3282 (Liban.
776 3219 820 3260 or.
835 3219 890 3282 pro
907 3203 1011 3282 templ.
1027 3210 1109 3279 gent.
1123 3219 1185 3258 non
1202 3217 1259 3258 sx-

157 3301 224 3344 m
246 3321 256 3341 Ι
279 3322 290 3341 0

244 3369 287 3426 it.
306 3388 337 3428 v.
352 3366 403 3432 14.
446 3391 495 3430 res
511 3389 548 3430 es
563 3381 632 3450 eget
645 3372 712 3430 lnce
725 3391 766 3430 ex
778 3372 845 3430 aliis
859 3369 1050 3451 scriptoribus
1064 3365 1259 3428 effundenda.

161 3449 255 3512 Gothi
269 3451 395 3514 ducibus
408 3457 574 3537 Fritigerno
585 3455 710 3516 Allotho
719 3463 754 3516 ‘et
768 3455 931 3536 Saphrace,
952 3475 1029 3538 quos
1043 3457 1262 3513 Gennanoruns

160 3539 301 3596 Zosimus
320 3537 457 3600 ductores
479 3544 571 3601 nirnis
590 3543 652 3601 lato
674 3543 820 3602 vocabulo
838 3543 928 3618 iacit,
954 3561 1022 3600 cum
1042 3550 1111 3622 post
1125 3540 1261 3599 Valentis

161 3622 279 3680 obitum
291 3643 309 3682 a
321 3624 409 3702 cpoli
424 3625 572 3708 adusque
586 3629 680 3706 Alpes
695 3629 787 3686 Iulius
802 3627 974 3708 praedando
989 3629 1100 3706 regati,
1123 3646 1142 3684 s
1155 3622 1261 3683 Theo-

161 3705 247 3766 dosio
268 3727 348 3766 anno
370 3713 433 3774 379
455 3713 586 3791 repunt,
608 3725 639 3771 et
661 3716 785 3772 traiecto
810 3717 885 3772 Istro
903 3711 942 3771 ad
960 3733 1030 3772 snos
1050 3709 1147 3770 redire
1167 3709 1262 3768 coacti

161 3801 279 3867 essent,
305 3813 341 3851 eo
359 3807 532 3874 aegrotante
552 3796 650 3857 divisa
664 3799 805 3856 bifariam
818 3795 1012 3858 multitudine
1025 3797 1136 3854 flumen
1151 3797 1262 3852 iterum

157 3880 359 3953 trarrsiernnt,
379 3881 421 3937 ita
433 3893 468 3939 ut
477 3884 661 3962 Fritigernus
675 3880 715 3944 ad
725 3882 919 3942 Thessaliam
934 3885 1060 3961 Epirum
1074 3891 1103 3940 et
1115 3877 1263 3939 Achaiam
1293 3943 1297 3954 Ι

160 3961 367 4044 praedandam
378 3963 598 4044 digrederetur,
618 3970 729 4050 reliqui
743 3989 813 4027 cum
825 3966 955 4028 Alatheo
971 3977 1000 4025 et
1015 3964 1166 4047 Saphrace
1181 3966 1264 4021 Pan-

161 4051 285 4107 noniam
297 4060 443 4128 peterent.
486 4055 662 4129 Gratianus,
685 4057 804 4132 cognita
822 4075 870 4129 re,
893 4075 910 4112 e
929 4053 1052 4125 Galliis,
1076 4069 1135 4130 quo
1147 4049 1264 4108 tumul·-

162 4145 212 4193 tus
232 4133 389 4195 Vandalioi
409 4157 500 4198 causa
521 4147 585 4198 erut
607 4159 676 4198 cum
696 4141 790 4219 copiis
812 4139 977 4218 profectus,
1006 4147 1107 4195 motus
1128 4133 1263 4208 hostiles,

164 4217 492 4305 demulcendqanimos
506 4225 681 4283 muneribus
692 4228 792 4304 potius
806 4243 897 4304 quam
911 4243 1062 4283 annorum
1074 4224 1105 4281 ri
1118 4218 1264 4299 cogendo,

165 4302 297 4385 sedern,
325 4307 495 4392 factamque
516 4329 625 4392 pacem
642 4307 853 4388 Theodosius„
880 4321 1041 4394 postquam
1063 4307 1264 4388 convaluerat,
1362 4300 1367 4327 i
