3025 4892
281 301 356 372 370
517 306 522 314 ’
691 299 1068 369 REITEMEIERI'

277 541 283 548 ,
364 489 397 550 p.
410 469 471 534 129
488 487 518 525 v·
532 465 563 532 4.
605 459 679 544 ὅπερ
700 463 782 531 ἔστὶν
801 465 893 542 ἔθνος
914 459 1079 530 Psimada
1104 485 1226 545 prorsus
1250 461 1379 524 delenda

279 566 368 632 sunt,
397 565 542 635 tanquam
567 553 704 631 ineptum
730 555 898 632 glossema3
929 553 1012 611 cuius
1035 551 1134 610 simile
1153 549 1236 609 alind
1253 560 1299 609 est
1321 553 1378 610 inf.

280 646 302 705 8
323 644 345 704 9
366 637 403 697 de
426 639 565 696 Parisiis:
597 639 766 718 Περμανίας
791 636 824 700 di
854 633 932 718 αὕτη
953 637 1090 716 πολίχνη.
1132 635 1303 695 insidebant
1324 638 1379 696 illa

277 737 378 800 ¹aetate
397 726 462 782 lona
476 726 553 780 circa
565 721 664 781 Rheni
679 727 753 782 ostia
771 724 857 782 Salii.
901 734 931 781 at
947 721 1093 781 chamari
1106 731 1172 779 tum
1187 719 1225 780 nd
1240 719 1381 780 Rhenum

278 811 430 889 progressi
446 820 647 867 commeatum
658 828 698 867 ex
710 811 865 866 Britannia
879 805 988 866 advehi
1000 808 1122 865 solitum
1135 808 1380 886 intercipiebant:

280 899 399 975 Ennap.
418 897 495 952 Exc.
513 896 632 972 Legatt.
675 914 730 952 nec
746 898 825 952 enim
843 896 976 952 lulianus
990 913 1070 950 nunc
1084 912 1195 950 noram
1209 913 1274 950 rem
1287 913 1380 951 exco-

281 984 410 1060 gitasse,
436 978 492 1039 sed
513 981 765 1038 transvectionem
792 1000 928 1037 arrnonae
949 981 1012 1036 iam
1035 988 1103 1035 ante
1126 981 1268 1036 usitatam
1292 981 1382 1036 resti-

280 1071 373 1126 tuisse
402 1064 499 1123 videri
528 1064 626 1122 dehet.
669 1084 700 1123 r.
728 1068 880 1123 Ammian.
906 1070 945 1130 18
965 1068 984 1126 2
1006 1083 1051 1142 pr.
1077 1073 1107 1121 et
1124 1065 1168 1120 ibi
1187 1065 1287 1121 Vales.
1307 1060 1380 1121 add.

279 1155 386 1210 Ritter.
401 1149 440 1208 ad
455 1148 561 1208 Guthr.
576 1149 645 1208 hist.
660 1169 691 1228 p.
706 1149 726 1213 5
741 1160 765 1208 t.
781 1155 795 1213 1
814 1171 844 1230 p.
858 1149 910 1214 51.
945 1148 983 1208 cl'.
997 1149 1168 1229 paulopost
1183 1168 1208 1204 c.
1226 1151 1246 1210 6
1271 1155 1285 1212 1
1303 1159 1333 1206 et
1348 1153 1379 1222 3,
1485 1135 1486 1150 ¹

280 1237 334 1296 nbi
354 1257 409 1316 pro
435 1235 552 1312 Quadis
578 1235 747 1293 Clmmavoe
768 1233 914 1315 legendos
935 1254 1000 1292 esse
1021 1232 1150 1293 dubitari
1162 1236 1278 1313 nequit.
1322 1253 1380 1290 ex-

279 1333 362 1464 isltlrimt
390 1319 494 1464 {liano
525 1322 657 1400 Eunapii
683 1321 777 1380 rerba
810 1325 843 1379 in
872 1323 1016 1400 Excerpt.
1045 1321 1163 1398 Legatt.
1194 1319 1249 1377 sub
1278 1321 1380 1398 ipsum

325 1588 350 1655 ἰ
364 1506 406 1564 ih.
422 1527 452 1566 v.
466 1511 498 1571 7.
540 1507 649 1565 lulian.
670 1527 720 1588 ep.
743 1503 783 1564 ad
802 1503 913 1566 Athen.
934 1503 1097 1582 ἑξακοσίων
1113 1505 1200 1587 νηῶν
1224 1494 1380 1586 rivirum

279 1613 332 1658 otc
351 1617 396 1657 ον.
528 1613 531 1617 ’

270 1721 273 1726 -
364 1692 405 1751 ib.
421 1713 451 1752 r.
465 1694 496 1756 8
537 1688 618 1750 hanc
629 1693 818 1751 Britannicae
834 1711 970 1752 annonae
981 1692 1232 1753 transvectionem
1244 1691 1379 1749 lulianus

278 1781 490 1859 multo'qaarn
508 1788 577 1838 ante
596 1779 763 1838 faciliorem
784 1775 925 1836 reddidit.
968 1780 1033 1856 lpse
1051 1775 1091 1834 ad
1111 1775 1221 1836 Athen.
1239 1787 1324 1844 vocat
1339 1779 1380 1859 τῇ

278 1867 464 1947 ονοοπομπίᾳ
487 1870 651 1942 παρασχεῖν
671 1856 797 1944 aicadri
815 1857 955 1943 comdiis.
997 1861 1150 1942 praedicat
1171 1881 1237 1922 rem
1258 1879 1377 1942 qnoque

277 1950 470 2008 Libaninsin
483 1951 563 2008 Orat.
578 1949 708 2007 funebri.
754 1949 904 2009 Volcania.

363 2049 405 2107 tt.
421 2070 450 2108 r.
463 2053 516 2113 20.
558 2050 756 2113 Σαλουστίου.
799 2051 839 2108 ol.
861 2050 969 2110 Iulian.
990 2067 1039 2129 ep.
1058 2045 1100 2107 ad
1115 2045 1243 2126 Athen,
1270 2049 1376 2108 Liban.
1485 2085 1486 2090 κ

278 2154 323 2194 or.
349 2139 402 2198 12.

363 2249 396 2312 p·
415 2235 476 2297 180
496 2251 527 2293 v.
547 2237 576 2296 1.
618 2225 785 2298 Ἰοολιονοῦ
808 2229 946 2311 ἀφέντος.
988 2235 1021 2293 in
1041 2235 1237 2295 consolatoria
1262 2238 1378 2298 orat.8
1485 2247 1486 2252 ’

278 2321 390 2381 Iuliani
415 2319 506 2397 plane
534 2315 619 2377 alind
643 2319 764 2399 legitur.
807 2320 877 2382 vide
907 2323 1036 2401 Paginm
1058 2325 1091 2380 in
1114 2323 1214 2382 critic.
1240 2320 1279 2380 ad
1303 2325 1375 2386 sot.

364 2503 407 2562 ib.
425 2525 455 2563 v.
470 2508 501 2572 8.
543 2505 678 2565 lulianus
693 2526 736 2566 or·
751 2509 770 2571 1
786 2528 817 2587 p·
832 2503 913 2571 841)
931 2503 980 2566 ed.
992 2506 1158 2588 Spanhem.
1176 2502 1310 2590 Φρᾶγκοι
1325 2505 1378 2569 καὶ

279 2582 415 2665 Σᾶξονες
429 2594 491 2653 τοῖν
505 2587 583 2669 dreia
596 2589 647 2654 τὸν
657 2591 764 2672 Ῥῆνον
774 2592 826 2654 καὶ
838 2589 893 2673 τήν
908 2591 1048 2676 ἕοπερίαν
1059 2591 1214 2658 θάλατταν
1226 2594 1327 2658 ἐθνῶν
1339 2589 1377 2656 τὰ

277 2670 480 2758 μαχιμώτατα.
524 2676 656 2735 cf.idem
668 2698 699 2757 p.
716 2679 756 2741 66
770 2679 805 2737 B.
1485 2711 1486 2716 κ

197 2829 203 2843 1
363 2759 406 2819 ib.
421 2779 452 2821 v.
468 2764 519 2825 10.
561 2781 623 2820 non
636 2760 733 2834 Quadi
744 2761 874 2821 Danubii
889 2763 1023 2836 accolae,
1047 2761 1102 2822 sed
1117 2761 1267 2822 Chamavi
1276 2763 1377 2823 Saxo-
1485 2821 1486 2840 χ

276 2865 353 2905 num
368 2865 442 2924 gens
457 2845 648 2925 intelligendi
663 2844 801 2907 hocloco
818 2859 906 2923 sunt,
934 2849 1104 2928 postulante
1126 2857 1156 2906 et
1178 2851 1252 2908 situs
1270 2859 1376 2907 natura

277 2941 310 2990 et
323 2940 489 2990 ceterorum
500 2933 679 3011 scriptorum
694 2935 865 2992 testimonio
889 2933 971 3014 (vid.
986 2937 1138 2993 Arnrnian.
1154 2936 1192 2996 17
1214 2932 1277 3012 8.).
1319 2953 1375 2992 nec
1459 2931 1467 2947 '

276 3007 372 3094 ipsius
385 3018 499 3076 Zosimi
511 3015 566 3075 scd
578 3011 770 3078 librariorum
786 3021 873 3099 culpa
887 3018 963 3076 haec
975 3022 1097 3077 nomina
1110 3022 1188 3077 inter
1202 3038 1235 3077 se
1252 3019 1375 3077 confusa

276 3099 434 3176 videntur,
457 3105 602 3184 quoniam
617 3103 670 3162 ille
683 3105 748 3183 ipse
763 3122 824 3164 non
839 3102 877 3162 ad
892 3103 1032 3163 Rhenum
1046 3102 1100 3161 sed
1115 3102 1154 3161 ad
1168 3105 1280 3162 Istrum
1293 3107 1373 3176 Qua·

272 3183 387 3244 'dorum
401 3199 523 3266 gentem
533 3193 712 3248 memorarit
725 3195 744 3254 8
767 3195 798 3256 8.
842 3189 1017 3249 observante
1030 3191 1144 3247 Rittero
1157 3191 1190 3247 in
1201 3193 1281 3248 notis
1291 3209 1374 3248 mar-

275 3270 427 3350 ginalibus
438 3270 490 3330 hic
503 3273 587 3332 locus
601 3275 768 3335 illustratur
780 3275 814 3333 in
829 3273 882 3334 der
893 3271 1140 3354 diplomaaelan
1152 3273 1306 3334 Naeldese
1316 3296 1374 3336 νον

279 3355 472 3436 Schoettgen,
492 3377 524 3436 p.
536 3359 556 3422 5
570 3380 603 3437 p.
616 3364 648 3425 6.

364 3440 406 3498 it.
421 3461 451 3500 v.
466 3445 516 3506 17.
559 3444 690 3506 Σαλίων.
732 3445 899 3504 Marcellin.
922 3449 961 3509 17
989 3445 1009 3508 8
1029 3462 1125 3523 panca
1145 3441 1262 3504 ibidem
1282 3445 1373 3507 Vale-

277 3526 356 3602 sius,
378 3526 464 3604 plura
480 3525 631 3589 Eccardus
648 3526 688 3586 ad
701 3529 763 3608 leg.
777 3531 840 3590 Sal.
883 3529 992 3587 Rr'tter.

360 3629 392 3690 p·
407 3611 467 3676 131
481 3632 509 3671 r.
523 3613 573 3676 18.
620 3611 785 3699 Τριβὲροις.
825 3610 888 3676 rid.
908 3616 1024 3674 Comm.
1047 3611 1087 3674 ad
1100 3615 1122 3676 1.
1140 3617 1180 3681 11
1195 3613 1233 3676 de
1247 3615 1329 3676 Med.
1343 3625 1372 3676 et

273 3691 359 3755 Prof.
372 3695 443 3755 late.
486 3699 596 3757 Rider.

361 3779 404 3839 ab.
421 3793 452 3840 v.
467 3785 520 3846 21.
562 3787 620 3848 τοῦ
637 3783 799 3863 Καίσαρος.
841 3779 944 3842 haeret
957 3785 989 3842 in
1005 3779 1053 3845 his
1071 3781 1168 3846 editor
1182 3786 1371 3861 oxoniensis,

275 3867 346 3948 quia
358 3883 420 3926 non
432 3863 515 3928 videt
528 3878 597 3928 ante
608 3869 718 3928 Iuliani
731 3873 764 3928 in
779 3869 909 3927 Galliam
923 3866 1085 3929 adventum
1096 3867 1172 3931 haec
1187 3871 1340 3930 accidisse.

275 4028 333 4115 ..a
351 3952 477 4100 bvii
489 3953 874 4121 {dinibffl'ffiiini
889 3955 1372 4106 ‘lsst.itttsst:}.i“⁰‘itt

274 4113 469 4200 altovitam
486 4125 543 4186 τοῦ
564 4063 745 4206 cassaphe
766 4062 892 4206 ἕοβοῖνς,
914 4120 1030 4208 ἐνεῖχεν
1043 4123 1103 4193 dat
1119 4066 1261 4212 latericia,
1272 4104 1372 4188 ἄν’νον-

273 4223 337 4275 τος.
379 4205 509 4288 Eunapii
531 4210 622 4269 verba
644 4211 734 4269 refert
752 4209 863 4272 Snidas
876 4211 910 4270 in
926 4205 1041 4294 ἆνοῖχε,
1063 4233 1223 4297 suppresso
1236 4215 1371 4272 nomine.
1485 4237 1486 4240 ¹

279 4285 428 4348 Valesius.
