3025 4892
265 310 337 381 180
653 298 657 312 ’
733 304 883 373 zosmss
931 343 933 346 ·

263 490 323 549 τῶν
338 486 451 547 λοιπῶν
469 477 730 565 ἶπιμελησάμενος.
764 484 826 543 τῶν
840 480 991 559 βασιλέων
1007 480 1110 544 τοίνυν
1125 474 1195 562 ἀρτι
1210 474 1249 541 τὰ
1265 502 1362 561 στρα-

262 586 376 651 τόπεδα
392 586 589 667 διελομένων,
614 581 704 671 ᾠήθη
722 584 784 647 δεῖν
799 578 816 646 ὅ
833 580 1010 668 Προκδπιος
1027 582 1071 646 έτι
1084 590 1148 657 τοῖς
1161 578 1362 665 στρατιώταις

264 683 349 753 οὖσιν
365 687 515 765 ἀτάκτοις,
529 687 607 751 κατὰ
623 687 755 750 κέλευσέν
768 712 837 750 τινα
852 692 913 750 τῶν
923 686 1076 768 βασιλέων
1086 681 1199 759 τόπους
1210 683 1243 746 dx
1260 680 1362 748 τόπων

263 794 440 875 ἀμείβουσιν
445 840 456 871 ,
483 792 651 873 ἐπιπέμψαι
673 786 774 866 τινάς,
796 789 831 852 οἳ
847 786 1027 870 δυνήσονται
1045 785 1163 861 πάντας
1180 786 1235 863 οὓς
1250 785 1290 850 ἀν
1302 783 1364 850 οἷοί

261 922 293 961 τε
312 886 385 959 ἀσιν
407 891 449 969 ῶς
470 893 562 958 αὐτὸν
580 898 778 975 μεταστῆσαι.
829 894 988 957 καὶτοῦτο
1011 890 1125 980 ῥᾳδίως
1145 888 1262 972 ήνάετο,
1280 904 1386 974 χρη-5

261 996 368 1080 μάτων
386 997 489 1073 αὐτοῖς
505 1022 536 1063 τε
561 1000 612 1061 καὶ
631 1005 694 1072 τοῖς
716 993 833 1059 τούτων
850 992 1029 1079 ἡγουμένοις
1045 994 1265 1059 διαδοθέντων·
1286 1017 1362 1057 συν-

260 1099 306 1187 ήει
334 1126 365 1165 τε
401 1105 521 1183 πλῆθος
547 1100 602 1165 οὐκ
629 1096 895 1185 εὖκαταρρόνητον
918 1098 1017 1185 αὐτῷ,
1051 1099 1102 1162 καλ
1123 1096 1202 1180 πρὸς
1225 1098 1360 1160 έπέθεοιν

188 1262 191 1271 .
262 1205 372 1286 ἀνέδην
392 1200 639 1290 παρεσκευάζετο.
697 1204 806 1283 πέμπει
827 1202 884 1283 μέν
901 1192 955 1266 οὖν
981 1198 1096 1283 εἶς’τήν
1112 1202 1265 1263 Βιθυνίαν
1281 1199 1361 1281 μετά

262 1305 419 1387 δυνάμεως
441 1304 629 1391 Μάρκελλον
647 1306 694 1370 ἐπὶ
716 1302 867 1387 συλλήψει
884 1308 1071 1391 Σερηνιανοῦ
1091 1306 1141 1367 καὶ
1155 1308 1216 1367 τῶν
1233 1303 1290 1369 οὖν
1302 1303 1360 1366 αὗ-

260 1415 305 1495 τῷ
324 1414 491 1491 βασιλικῶν
513 1408 642 1486 ἱππέων,
669 1412 701 1472 έκ
718 1410 904 1495 καραδοκίας
924 1415 979 1473 τσῦ
993 1412 1183 1494 διαφθεῖραι.
1235 1431 1360 1493 συμιρυ·
1368 1418 1404 1471 10

260 1512 374 1597 γάντων
391 1514 424 1576 δέ
440 1512 540 1577 αὐτῶν
555 1516 597 1589 εἰς
610 1513 666 1596 τὴν
681 1509 829 1590 Κύζικον,
855 1512 912 1595 τήν
926 1514 982 1593 μέν
997 1510 1085 1575 πάλιν
1098 1507 1157 1575 εἷλε
1174 1508 1362 1595 Μάρκελλος

258 1618 414 1704 ναυμαχίᾳ
428 1618 479 1680 καλ
499 1618 571 1701 πεζῇ
589 1614 715 1697 δυνάμει
730 1613 902 1701 κρατήσας,
927 1614 1112 1702 Σερηνιανδν
1125 1615 1159 1678 δέ
1173 1611 1361 1699 διαρνγόντα

260 1722 309 1783 καλ
321 1723 362 1795 εἷς
371 1720 425 1800 τήν
434 1722 560 1784 Λοδιάν
569 1716 812 1805 ἀναχωρήσαντα
821 1718 984 1799 συλλαβῶν
997 1714 1188 1805 διεχρήσατο.
1214 1717 1270 1801 (7)
1287 1715 1360 1781 τσά-

258 1846 302 1909 τῳ
321 1828 365 1909 τῷ
380 1822 585 1909 προτερήματι
599 1821 776 1909 Προκάπιος
793 1824 939 1910 έπαρθελς
956 1820 1100 1904 δυνάμεις
1115 1847 1146 1886 τε
1163 1820 1242 1889 κατά
1255 1819 1359 1906 βραχδ

259 1936 454 2009 περιεποιεῖτο
474 1930 524 1990 καὶ
549 1918 586 2008 ἦν
608 1925 666 2008 ήδη
689 1924 770 1989 κατὰ
792 1925 849 2008 τήν
869 1933 930 1990 τῶν
948 1931 1070 1990 πολλῶν
1084 1922 1176 2001 δόξαν
1192 1921 1359 2005 ἀξιόμαχος
1367 1934 1400 1989 15

258 2036 322 2103 τοῖς
342 2032 516 2109 βασιλεῦσι·
537 2026 695 2109 Ῥωμαίων
714 2052 745 2093 τε
764 2026 824 2114 γάρ
847 2026 990 2113 τάγματα
1013 2031 1063 2092 καλ
1081 2024 1252 2112 βαρβάρων
1274 2027 1359 2113 αὐτῷ

256 2135 378 2212 πλῆθος
405 2133 612 2217 προσετίθετο.
681 2129 759 2217 πρὸς
776 2138 867 2197 τοῦτο
894 2134 928 2196 δέ
949 2131 1062 2208 αὐτοὺς
1090 2129 1281 2195 ἐπεσπάσατο
1303 2137 1358 2212 τῆς

253 2232 420 2297 Ἰουλιανοῦ
444 2240 500 2297 τοῦ
518 2232 668 2314 βασιλέως
683 2236 856 2319 συγγενείας
869 2236 904 2299 td
923 2237 1010 2311 κλέος
1024 2237 1074 2300 καὶ
1091 2234 1126 2298 td
1139 2240 1358 2319 συνεστρατεῦ-

256 2342 333 2399 σθαι
357 2336 433 2399 καθ’
457 2334 593 2413 ἅπαντας
611 2338 683 2414 τούς
704 2340 946 2421 διαπονηθέντοὶς
965 2341 1067 2425 έκεένρι
1086 2337 1247 2417 πολέμους.
1296 2336 1356 2419 ήδη

255 2440 290 2503 δέ
314 2444 375 2503 τῶν
400 2440 555 2525 έπαγανῶν
579 2440 663 2516 τινάς
684 2440 803 2506 έστελλε
827 2442 905 2526 πρὸς
929 2441 982 2505 τὸν
1002 2441 1110 2523 έχοντα
1134 2439 1190 2523 τήν
1209 2437 1285 2526 δπέρ
1304 2440 1400 2504 adem

248 2540 367 2629 Ἴστρον
375 2546 509 2608 Σκυθῶν
522 2541 723 2631 ἐπικράτειαν·
743 2542 760 2608 ὁ
776 2546 810 2608 δέ
817 2547 947 2630 μυρίους
953 2544 1143 2627 ἀκμάζοντας
1155 2542 1266 2623 έπεμτιε
1275 2568 1356 2624 συμ-

253 2642 373 2727 μάχους
389 2646 483 2735 αὐτῷ.
534 2650 584 2711 καλ
601 2645 680 2710 ἀλλα
696 2648 728 2711 δέ
742 2644 892 2735 βάρβαρα
908 2648 985 2733 ttae]
1001 2645 1103 2733 συνῄει
1118 2648 1288 2728 μεθέξοντα
1302 2654 1356 2728 τῆς

253 2746 457 2835 έγχειρήσεως.
509 2750 614 2831 λαβὼν
628 2752 661 2815 δέ
677 2754 719 2827 ελς
737 2750 854 2816 έννοιαν
867 2748 910 2828 ῶς
926 2751 962 2818 οὐ
978 2751 1055 2839 πρὸς
1070 2750 1166 2837 ἄμφω
1182 2745 1265 2813 dr'oi
1284 2750 1355 2824 τοὺς

321 2927 355 2981 19
372 2924 444 2981 κστδι
462 2924 571 2992 πάντας
586 2928 609 2982 L
625 2934 653 2985 et
669 2930 691 2983 P
706 2946 806 3000 margo.

252 3077 320 3131 nullo
339 3078 423 3133 adhue
442 3082 549 3148 ordine,
566 3082 636 3135 iusso
653 3084 850 3153 Imperatorum,
867 3084 927 3136 hinc
944 3082 1004 3136 inde
1023 3083 1198 3151 vagabantur,
1215 3080 1353 3134 mittendos

252 3148 375 3216 quosdam
393 3154 491 3204 censuit
506 3153 667 3221 Procopius,
696 3154 739 3221 qui
759 3170 925 3222 quoscunque
947 3161 1052 3223 possent
1074 3154 1106 3204 ad
1131 3171 1159 3204 se
1178 3153 1352 3204 traducerent.

251 3218 320 3285 quod
340 3236 403 3270 sana
420 3222 541 3285 perfacile
560 3222 698 3285 conflabat,
716 3223 830 3291 pecuniis
844 3222 871 3274 in
891 3239 936 3275 eos
949 3238 1089 3291 eorumque
1107 3220 1185 3273 duces
1202 3220 1352 3275 distributis.

251 3285 367 3355 adeoque
378 3288 466 3356 copiae
478 3308 528 3341 non
540 3290 739 3343 contemnendae
749 3292 782 3343 ad
792 3308 848 3343 euru
860 3291 1039 3355 confluebant3
1052 3308 1082 3341 ae
1091 3291 1173 3361 palam
1183 3290 1217 3341 ad
1228 3288 1353 3340 invaden-

250 3354 309 3407 dum
328 3356 425 3407 hostem
441 3374 470 3409 se
488 3360 603 3425 parabat.
639 3358 725 3427 itaque
746 3360 895 3412 [iiarcailuro
911 3377 967 3411 cum
979 3359 1095 3411 exercitu
1106 3360 1131 3411 in
1141 3359 1288 3426 Bithyniam
1304 3359 1353 3410 ab·

249 3422 334 3490 legat,
353 3424 385 3475 ad
404 3426 664 3494 comprehendendum
685 3430 852 3482 Serenianum
870 3436 897 3481 et
912 3428 1090 3497 imperatorios
1107 3428 1215 3495 equites,
1233 3427 1353 3496 quasilla

250 3508 335 3565 secum
354 3492 478 3561 habebat,
497 3512 602 3564 sperans
621 3514 666 3549 eos
680 3513 709 3549 se
720 3497 885 3555 delaturum
905 3506 933 3550 at
945 3514 1000 3549 cum
1011 3496 1049 3550 illi
1060 3499 1121 3565 fuga
1132 3496 1256 3563 Cyzicum
1267 3514 1295 3548 se
1307 3514 1352 3548 re·

250 3561 395 3629 cepissent,
413 3563 532 3631 oppidum
548 3564 608 3616 illud
622 3566 756 3619 Marcellus
774 3568 860 3619 navali
876 3566 974 3637 proelio
986 3565 1117 3648 copiisque
1127 3566 1294 3618 terrestribus
1305 3582 1352 3615 so-

249 3628 335 3697 perior
352 3634 500 3699 occupavit.
527 3634 693 3687 Serenianum
713 3637 775 3702 suga
795 3636 908 3705 elapsum
926 3642 955 3687 et
975 3634 1000 3686 in
1015 3634 1122 3701 hydram
1143 3635 1284 3702 digressum
1303 3650 1351 3703 ap·

248 3698 384 3767 prehendit
395 3709 422 3751 et
432 3702 535 3755 occidit.
577 3704 636 3771 (7)
654 3706 703 3756 hoc
714 3704 795 3757 elatus
806 3721 927 3757 successu
939 3704 1096 3773 victoriaque
1106 3698 1251 3773 Procopius
1262 3704 1352 3774 paula·

249 3766 294 3819 tint
307 3776 333 3819 et
345 3768 431 3837 copias
442 3770 490 3823 sibi
500 3771 654 3840 adiungebat
665 3784 690 3825 et
701 3774 749 3825 iam
761 3773 880 3843 opinione
892 3772 1025 3825 multorum
1043 3772 1112 3825 bello
1123 3790 1179 3825 eum
1194 3773 1351 3843 principibus

248 3836 361 3904 gerendo
378 3854 425 3906 par
443 3850 515 3893 erat:
535 3858 592 3893 nam
612 3848 640 3893 et
656 3842 788 3894 Romanae
802 3842 916 3911 legiones
932 3848 959 3893 at
973 3842 1062 3911 copiae
1073 3843 1238 3895 barbarorum
1249 3844 1281 3894 ad
1293 3858 1350 3894 eum

248 3906 422 3960 confluebant.
457 3916 593 3980 praeterea
608 3911 767 3979 cognationis
785 3927 841 3963 cum
858 3911 1014 3981 imperatore
1026 3912 1124 3965 Iuliano
1136 3913 1258 3981 splendor
1269 3911 1351 3963 bomi-

248 3990 294 4025 nes
305 3976 329 4026 in
343 3984 429 4044 partes
440 3977 518 4046 ipsius
530 3980 664 4045 nubebat,
680 3990 706 4032 et
726 3981 794 4048 quod
809 3980 925 4033 omnibus
942 3980 967 4031 iu
983 3981 1073 4050 bellis,
1091 3998 1158 4049 quae
1168 3982 1211 4032 ille
1222 3987 1349 4049 gesserat,

247 4045 437 4112 expeditionum
456 4046 539 4099 socias
556 4048 655 4101 suisset.
692 4048 752 4117 quin
767 4057 794 4101 et
809 4048 921 4100 tltusoee
932 4051 1055 4117 quosdam
1068 4050 1137 4102 viros
1150 4050 1184 4102 ad
1196 4051 1349 4117 Scytharum

245 4111 476 4167 transistrianorum
489 4116 625 4187 principem
636 4117 785 4185 obtegebat,
802 4118 845 4186 qui
857 4118 945 4170 decem
957 4118 981 4170 ei
991 4120 1061 4172 milia
1071 4119 1232 4171 robustorum
1244 4118 1348 4169 miiitum

245 4180 272 4231 in
283 4180 344 4233 belli
355 4182 502 4237 societatem
516 4186 590 4239 misit.
624 4186 713 4239 itidem
727 4187 761 4239 ad
774 4203 830 4239 eura
849 4196 877 4240 et
894 4187 962 4239 aliae
978 4190 1095 4241 nationes
1106 4188 1233 4240 barbarae
1243 4204 1272 4238 se
1284 4205 1348 4238 con-

243 4248 371 4318 ferebant,
390 4262 419 4305 ut
434 4254 601 4323 expeditionis
620 4255 760 4325 participes
780 4264 874 4311 essent
908 4274 964 4309 cunr
984 4266 1068 4310 autem
1084 4257 1109 4308 ei
1127 4274 1177 4308 noa
1192 4272 1247 4308 cum
1260 4258 1349 4307 ambo·

244 4318 291 4371 bus
306 4319 500 4391 imperatoribus
511 4323 584 4376 simul
600 4340 658 4379 esse
674 4324 842 4379 dimicandum
859 4326 893 4380 ad
919 4325 1028 4381 mimum
1043 4325 1195 4395 accidisset,
1210 4336 1347 4397 praestare
