3025 4892
275 285 354 359 300
685 287 965 358 ummmmtt

272 449 449 513 Theodosio
468 413 517 514 ini
538 455 624 534 regni
644 455 757 516 factm
783 455 954 531 crederent,
984 455 1033 516 cni
1054 458 1098 516 rei
1115 457 1278 536 imperetur
1299 459 1377 538 ipae,

272 541 441 683 fficium
462 538 579 600 bonore
600 542 660 601 cibi
681 545 852 602 Mnximmn
873 541 1047 625 aequando,
1068 545 1200 602 mutum
1224 543 1377 604 adiecerat

354 744 387 805 p.
401 729 464 791 218
478 747 508 785 r.
522 732 552 791 2.
595 728 618 786 l.
631 729 652 790 9
667 747 694 786 c.
710 727 773 789 Th.
787 728 825 788 de
838 731 964 810 paganis
977 727 1053 788 baec
1067 729 1238 790 illustrabit.
1259 730 1371 788 muer.

270 808 310 869 tle
323 812 457 892 cynegio
471 811 534 871 rid.
549 815 730 892 Procopogr.
744 835 771 874 c.
785 815 847 874 Th.

355 911 397 971 io.
415 933 444 971 v.
459 913 489 978 5.
532 913 596 974 vid.
616 916 734 975 comm.
752 917 776 976 l.
795 937 847 976 un.
870 915 908 976 de
928 913 978 976 hia
999 917 1051 998 qui
1073 913 1113 974 ad
1134 925 1246 975 statuae
1267 917 1373 976 confu-

268 999 367 1082 giunt.
411 999 521 1058 muer.
871 1049 876 1058 .

354 1098 395 1158 ὦ.
415 1121 445 1158 τ.
465 1101 514 1166 14.
558 1101 735 1162 observante
754 1099 979 1182 Lindenbrogio
1003 1101 1041 1161 ad
1062 1103 1257 1160 Ammianum
1270 1105 1311 1166 27
1333 1107 1370 1168 11

268 1182 427 1264 Prothiugi
448 1183 529 1264 apud
550 1189 627 1247 alios
647 1188 774 1247 audiunt
789 1187 966 1267 Grutbingi‚
989 1185 1185 1265 Greuthingi‚
1208 1185 1371 1262 Gothunni,

270 1271 440 1342 Gautunni,
462 1273 629 1351 Trutungi‚
651 1272 808 1353 Vithungi.
850 1277 882 1331 in
899 1284 980 1331 tauta
994 1277 1155 1352 scripturae
1169 1271 1259 1331 lmine
1273 1275 1372 1330 nomi-

270 1358 319 1414 nis
340 1353 510 1414 diversitate
532 1360 559 1415 ci
578 1360 645 1438 qnia
663 1371 715 1418 aut
733 1359 928 1442 Προθίγγους
943 1363 1088 1434 retinere,
1111 1369 1179 1432 aut,
1202 1369 1235 1416 ut
1250 1355 1288 1414 ad
1303 1357 1372 1415 rul-

269 1459 341 1522 gare
357 1461 468 1498 nomen
483 1447 581 1522 magia
596 1447 709 1503 Zosimi
724 1449 870 1524 scriptura
884 1455 1113 1524 attemperetur‚
1136 1464 1205 1502 cmn
1223 1443 1371 1502 Salmasio

271 1523 334 1604 (ad
346 1527 467 1604 Vopisci
481 1529 613 1586 Probum
628 1549 654 1586 c.
673 1523 732 1608 18)
757 1531 946 1610 Γροθίγγους
968 1529 1128 1588 emendare
1145 1529 1248 1601 malit,
1270 1531 1371 1585 neuti-

152 1639 157 1646 ·
269 1629 364 1690 qnam
382 1612 463 1669 male
482 1632 571 1690 agere
592 1613 721 1674 ridetur.
766 1619 821 1674 etsi
843 1618 925 1673 euim
945 1612 1017 1692 hoc,
1040 1613 1122 1696 quod
1143 1617 1282 1672 Zosimus
1304 1632 1372 1671 eam

269 1706 393 1776 gentem
407 1717 472 1756 esse
488 1701 529 1757 ait
544 1711 631 1758 antea
648 1701 738 1780 piane
753 1701 955 1780 incognitam,
978 1703 1010 1760 in
1027 1697 1226 1778 Grotbingoa‚
1249 1709 1372 1777 gentem

269 1780 361 1860 longe
377 1793 446 1840 ante
469 1795 589 1858 notam,
610 1804 672 1843 non
690 1784 834 1866 quadrat,
856 1789 965 1864 poterit
988 1796 1089 1844 tamen
1112 1787 1219 1844 erroris
1233 1787 1308 1841 ratio
1321 1783 1371 1841 fa-

271 1867 328 1926 cilc
351 1865 505 1926 declarari.
547 1873 634 1928 initio
650 1873 731 1928 enim
746 1875 851 1950 capitis
867 1871 926 1947 35,
950 1872 1003 1930 ubi
1017 1874 1132 1950 gentis,
1155 1873 1239 1928 carius
1259 1889 1370 1927 nomen
1484 1941 1485 1950 ἵ

269 1971 331 2008 nou
346 1951 461 2010 editum
475 1965 529 2030 est,
550 1957 681 2014 incursio
695 1960 727 2013 in
738 1958 813 2015 fines
827 1959 978 2016 Romanoa
992 1957 1071 2015 facta
1084 1965 1276 2028 memoratur,
1297 1955 1369 2010 bar-

267 2036 335 2095 bari
356 2053 424 2094 eam
446 2037 553 2098 fecisse
569 2038 709 2099 dicuutur
725 2062 787 2099 non
803 2041 893 2099 modo
909 2046 963 2122 qui
977 2045 1045 2100 istri
1061 2043 1180 2099 accolae
1192 2051 1292 2112 eram,
1314 2036 1369 2096 sed

267 2122 321 2178 alii
342 2141 480 2203 quoque,
503 2144 631 2204 quornm
649 2123 738 2184 cedes
755 2127 939 2206 longinquae
960 2139 1044 2185 erant
1062 2135 1092 2184 et
1110 2129 1241 2206 ignotae.
1285 2143 1370 2181 oom-

266 2209 450 2280 metionem
464 2229 532 2266 eam
546 2210 739 2268 barbarorum
753 2221 783 2269 et
797 2215 985 2290 cognitorum
999 2221 1029 2271 et
1043 2213 1237 2270 obscurorum
1248 2213 1370 2267 zosimo

267 2293 361 2350 fuisse
382 2293 482 2352 fraudi
501 2298 704 2373 inimicamur,
725 2307 759 2355 ut
775 2293 1026 2376 Grotlringorurn,
1048 2299 1146 2378 gentio
1160 2293 1304 2353 Gothicae
1317 2314 1369 2351 sa-

267 2379 306 2436 tia
329 2388 435 2451 notae,
456 2399 568 2437 nomeu
591 2381 724 2440 barbaria
744 2380 882 2441 noudum
903 2381 1012 2442 auditis
1034 2393 1064 2441 et
1085 2382 1264 2442 incursionis
1280 2381 1368 2438 sociis

266 2463 451 2522 attribueret.
480 2465 525 2523 R.
582 2467 777 2548 Πραθίγγοας
796 2466 1014 2546 expimgendoo
1038 2477 1069 2526 et
1091 2472 1120 2529 Γ
1115 2461 1283 2548 ροθόγγοας
1303 2485 1369 2523 esse
1485 2517 1486 2538 ,

266 2546 456 2625 refingendoc
478 2549 608 2608 dubitari
624 2554 740 2632 nequit.
784 2563 854 2611 aunt
880 2553 1075 2634 Greuthungi,
1097 2555 1150 2634 qui
1168 2572 1209 2609 ex
1224 2551 1369 2628 Ostrogo-

263 2629 439 2692 mutuare.
483 2634 565 2716 quod
583 2638 723 2696 omnibus
738 2640 780 2696 cis
794 2641 903 2696 latrum
918 2637 1121 2696 habitantibus
1142 2637 1292 2709 barbaria,
1314 2637 1366 2715 qui
1485 2653 1486 2674 ³

264 2727 295 2774 et
312 2720 371 2796 ipsi
394 2716 485 2778 Gothi
506 2731 607 2794 erant,
628 2742 740 2780 nomen
762 2733 849 2780 autea
870 2722 1040 2782 inauditum
1055 2723 1147 2781 fuisse
1164 2721 1289 2794 dicitur,
1311 2740 1365 2798 pro

263 2799 375 2860 horum
387 2815 558 2884 temporum
572 2807 655 2864 fama
667 2805 781 2866 dictum
794 2807 922 2866 ridetur.
954 2829 1026 2868 cane
1041 2813 1067 2867 si
1081 2805 1259 2886 Greuthingi
1271 2803 1365 2866 iidem

264 2899 335 2945 aunt
350 2892 402 2969 qui
419 2889 563 2970 Iuthungi
579 2889 733 2952 Gothuuni
745 2903 776 2950 et
787 2895 891 2952 multia
905 2895 971 2952 aliis
985 2891 1083 2953 modia
1097 2893 1279 2966 scribuntur,
1304 2893 1366 2950 iam

264 2972 385 3032 claudii
405 2977 434 3034 11
458 2977 505 3035 illi
532 2987 563 3038 et
587 2997 662 3044 mox
681 2979 838 3038 Aureliani
859 2979 1044 3060 temporibus
1062 2983 1096 3039 in
1114 2980 1252 3038 notitiam
1271 2997 1364 3034 vene-

263 3070 342 3118 rant.
384 3062 432 3119 H.

348 3197 381 3257 p.
398 3181 461 3242 219
481 3199 513 3238 v.
531 3183 585 3246 22
627 3201 667 3240 ne
686 3182 779 3240 nimia
798 3183 924 3242 obscura
944 3181 984 3242 cit
1003 3183 1134 3241 namatio
1157 3179 1253 3240 clodia
1273 3177 1363 3239 baim

264 3261 460 3343 Greuthingia
478 3267 510 3322 in
534 3268 610 3324 latro
631 3268 751 3342 illatae,
773 3267 959 3328 monendmn
982 3276 1028 3326 eit
1049 3268 1178 3327 naribna
1199 3263 1363 3326 secundnm

263 3347 336 3406 litua
360 3352 438 3407 inter
450 3369 484 3408 ce
497 3350 662 3428 colligatio,
684 3353 796 3432 triplici
810 3373 915 3414 carum
927 3350 1032 3412 ordine
1044 3353 1139 3427 facto,
1161 3353 1362 3412 interclusisse

261 3433 438 3492 Promotum
446 3437 626 3494 traiicientec
635 3437 778 3497 barbamc
787 3440 824 3496 ab
832 3440 927 3498 litorio
936 3437 1030 3500 aditu.
1050 3437 1090 3497 ed
1098 3437 1221 3498 eosdem
1229 3445 1367 3516 spectant
1485 3423 1486 3444 ¹

261 3535 294 3595 p·
306 3521 369 3586 220
392 3522 432 3582 16
445 3515 483 3580 cri
498 3519 543 3592 εἰς
557 3525 654 3600 μῆκος
665 3523 838 3603 συνηγμένα
851 3529 956 3588 utcu:
974 3543 1047 3582 nam
1061 3527 1103 3582 ita
1118 3521 1283 3603 legendnm
1298 3540 1361 3580 ecte

259 3619 317 3682 pro
331 3601 436 3682 putido
449 3603 608 3686 αυγμέαοις
618 3607 714 3665 nolim
732 3608 880 3670 dubitare.
922 3608 1141 3668 obrerrandum
1154 3627 1242 3688 porro
1255 3613 1319 3681 τοῖς
1329 3601 1361 3668 δὲ

259 3691 379 3761 λοιποῖς
392 3681 537 3752 imur
550 3709 615 3750 ecce
629 3709 684 3771 pro
701 3690 760 3756 cir
775 3701 838 3768 τοῖς
854 3700 881 3758 t.
897 3713 967 3752 own
982 3695 1048 3752 alic
1059 3706 1150 3772 parte
1165 3695 1294 3754 navim
1311 3711 1359 3752 oc·

260 3776 356 3831 currit
373 3771 520 3836 boatibua.
564 3779 607 3836 cic
628 3787 660 3836 et
676 3797 752 3838 mox
773 3785 838 3852 ταῖς
857 3800 889 3841 τι
908 3779 999 3842 ναυσὶ
1022 3775 1164 3862 μεγάλαις
1183 3799 1240 3859 pro
1258 3773 1317 3840 criu
1334 3797 1359 3838 r.

257 3877 347 3939 porro
365 3855 439 3934 τούς
457 3867 524 3935 ταῖς
540 3859 630 3925 ναυσὶ
643 3862 860 3944 περιπλέοντας
873 3859 1076 3946 διαφαγόντα,
1096 3865 1157 3943 leg.
1170 3860 1361 3943 munuum·

258 3965 331 4016 ταςο
349 3964 422 4005 uam
445 3957 515 4006 cnut
535 3949 691 4022 triremes,
713 3968 791 4030 quae
814 3951 942 4028 remigio
962 3952 1126 4010 concitatae
1145 3959 1240 4010 erant.
1284 3965 1360 4030 qnae

259 4047 331 4086 vero
345 4020 522 4112 sequnntur,
547 4031 589 4090 ad
599 4034 728 4092 alterum
742 4038 812 4093 latri
825 4035 898 4094 litua
910 4045 1044 4114 epectare
1060 4034 1180 4109 debent,
1201 4031 1283 4094 unde
1297 4033 1359 4092 dis·

258 4126 426 4190 ΜΘΝ,
448 4115 531 4196 quod
552 4117 655 4177 nando
668 4139 739 4178 cum
754 4121 891 4198 petiisset
904 4140 991 4200 parc,
1013 4123 1128 4200 periere
1143 4126 1208 4193 τοῖς
1222 4118 1291 4200 περὶ
1304 4112 1359 4193 τὴν

257 4191 354 4277 ’isit‘
370 4203 428 4262 τοῦ
446 4205 587 4281 ποταμοῦ
605 4209 716 4282 mocio
734 4203 924 4283 ἐμπεσόντες.
967 4203 1042 4288 quid
1055 4208 1087 4264 in
1100 4211 1163 4278 τοῖς
1175 4209 1300 4276 παλτοῖς
1312 4203 1359 4259 ia·

258 4292 338 4357 1⁰⁸⁸,
358 4301 422 4342 ⁰⁰¹¹
432 4303 587 4370 meque&
629 4290 845 4370 exspectabam
859 4301 977 4372 cauma,
998 4292 1139 4374 scopulo·
1151 4300 1270 4406 amtor,
1291 4288 1360 4370 qni·
