3025 4892
275 315 351 390 404
664 295 967 388 'anemurum

276 487 405 575 copias,
425 503 499 565 quas
514 481 717 543 Theodosius
726 483 972 563 expeditionem
993 485 1165 564 Eugenium
1187 496 1326 565 suscepta
1348 487 1381 545 in

256 574 394 633 ‘ltaliam
399 563 633 654 deportaverat,
655 571 712 628 sibi
726 573 888 642 remittere,
911 569 987 630 sed'
979 591 1043 649 lpse
1059 572 1152 628 etiam
1166 572 1291 630 consilio
1306 571 1380 630 belli

274 661 368 719 misso
387 655 511 714 domum
532 657 651 714 reverti.
695 654 796 713 bnic'
788 657 915 734 imperio
934 656 1093 714 obsecutus
1112 655 1238 714 Stilicho
1257 657 1378 731 milites,

275 765 342 846 quo.
349 743 462 801 vellet
453 751 633 820 imperator,
655 738 817 819 ablegavit,
840 752 870 799 et
886 761 954 799 cum
968 743 1011 799 eis
1025 742 1115 798 simul
1130 741 1258 799 Galliam
1272 742 1380 800 ducem

273 831 368 904 misit,
390 829 555 905 composito
571 846 641 884 cum
653 846 688 883 eo
703 825 803 885 caedis
816 827 950 900 consilio,
970 837 1003 884 ut
1017 826 1158 884 Rufinum
1172 847 1189 884 e
1202 826 1303 885 medio
1318 829 1380 886 tol-

273 916 360 975 leret.
405 933 440 972 ea
461 914 562 971 omnia
580 915 669 970 unius
686 915 757 969 anni
775 916 903 992 spatio„
887 922 968 970 <reste
982 923 1052 970 sunt
1066 911 1168 992 (395)
1212 915 1291 970 inter
1305 911 1379 970 haec

275 1021 345 1060 cum
367 998 536 1058 Gothorum
562 995 626 1056 dux
642 995 802 1056 Alarichus
824 1007 887 1056 arte
908 997 1007 1056 Rufini
1028 1000 1144 1055 excitus
1165 999 1196 1054 in
1222 999 1379 1056 Graeciam

274 1089 340 1147 siue
362 1088 524 1144 certamine
547 1081 750 1142 descendisset
771 1103 898 1163 eamque
921 1085 1004 1141 omni
1020 1084 1158 1140 miseriae
1174 1101 1283 1160 genere
1299 1085 1380 1142 alili-

272 1175 385 1245 xisset,
408 1167 535 1228 Stilicho
555 1191 587 1226 re
610 1166 719 1230 audita.
734 1188 812 1227 anno
837 1172 1006 1249 insequenti
1028 1167 1118 1247 (396)
1144 1187 1212 1226 cum
1234 1171 1326 1248 copiIs
1343 1191 1379 1228 eo

274 1267 454 1337 approperet
476 1256 662 1333 expellitque
680 1256 790 1312 virtute
812 1252 944 1329 hostem,
974 1252 1029 1312 sed
1042 1252 1243 1332 imprudentia
1258 1275 1311 1312 seu
1327 1275 1380 1314 so-

274 1339 377 1401 cordia
398 1341 548 1398 inclusum
570 1360 610 1397 ex
630 1343 776 1418 angustiis
800 1339 933 1398 dimittit.
984 1359 1001 1396 a
1027 1359 1096 1396 vero
1118 1342 1218 1418 itaque
1238 1342 1379 1398 Zosimus

273 1427 420 1499 aberrat,'
435 1423 517 1506 quod
538 1427 640 1504 copias
653 1445 712 1484 non
727 1425 774 1483 bis
791 1425 916 1484 diversis
931 1424 1116 1503 temporibus
1130 1423 1184 1482 sed
1198 1425 1295 1483 semel
1309 1437 1380 1482 tsn-

272 1521 339 1571 tum
355 1521 457 1569 contra
470 1509 645 1569 Alarichum
661 1508 775 1584 ductas,
799 1521 827 1568 et
840 1531 900 1568 non
913 1509 1035 1568 Arcadii
1050 1512 1134 1566 iussu
1150 1507 1219 1582 sed,
1242 1520 1277 1567 ut
1290 1508 1379 1568 vide-

271 1609 331 1674 tur,
345 1595 520 1656 Stilichonis
537 1597 690 1654 voluntate
706 1597 786 1655 ultro
802 1597 941 1654 remissas
956 1597 986 1652 in
1002 1597 1154 1653 Orientem
1168 1594 1271 1653 trudit.

357 1679 399 1740 ib.
445 1686 477 1739 in
491 1685 550 1739 rita
566 1683 693 1738 Maximi
707 1679 750 1759 (p.
765 1685 805 1745 93
820 1679 868 1738 ed.
881 1677 1074 1758 Commelin.)
1092 1683 1263 1758 Eutropius,
1285 1679 1377 1738 huius

270 1770 445 1846 irruptionis
459 1769 612 1825 mentione
628 1769 756 1840 iniecta,
785 1763 948 1824 monachos
962 1776 994 1823 ut
1009 1767 1075 1822 viae
1093 1785 1147 1844 per
1159 1766 1260 1824 lauces
1274 1764 1377 1824 Ther-

271 1854 463 1954 mopylarum
483 1852 608 1910 ferentis
624 1861 838 1911 monstratores
855 1853 991 1909 incusare
1008 1850 1142 1910 videtur.
1165 1875 1306 1924 τοιαυτας
1319 1845 1378 1914 ad-

271 1943 314 2025 τῷ
332 1935 385 2010 scic
405 1933 502 2010 πύλας
523 1931 658 2012 ἐπέδειξε
679 1941 733 2016 τῆς
755 1930 946 2011 miserest
925 1961 944 2016 η
969 1959 1001 1997 τε
1028 1939 1090 1997 τῶν
1112 1932 1149 1997 sol
1170 1933 1258 2044 95¹3(
1271 1933 1377 2016 ipsine

271 2001 400 2103 ἐχόντων
423 2016 584 2095 ἆκωλυιοις
605 2019 947 2125 προσπαρεισελθόντων
968 2015 1089 2100 ἀσέβεια
1111 2019 1204 2083 sul‘
1187 2025 1278 2084 creir
1292 2023 1377 2102 ispo-

271 2110 429 2188 spuasrnaiv
450 2113 575 2185 θεσμῶν
593 2101 854 2186 nuncopaysle'
816 2131 912 2185 νομος
931 2105 983 2168 aul
1005 2102 1181 2186 σύνδεσμος.
1234 2110 1375 2166 Zosimus

272 2214 309 2252 ea
323 2203 375 2252 aut
387 2212 450 2251 uon
461 2194 606 2271 reperisse
622 2194 653 2248 in
669 2194 800 2269 Eunapii
814 2189 959 2266 historia,
985 2203 1036 2249 aut
1052 2211 1129 2271 quae
1141 2195 1205 2270 ipse
1220 2191 1257 2250 de
1275 2195 1376 2250 Rufini

270 2277 378 2339 fraude
392 2280 520 2358 scripsit,
542 2280 581 2336 iis
593 2278 708 2336 seriora
720 2275 869 2336 iudicasse
885 2288 915 2335 et
930 2236 1082 2336 ehctorem
1095 2296 1184 2336 suurn
1198 2277 1375 2336 emendasse

269 2365 399 2426 videtur.

355 2447 397 2506 ib.
417 2468 446 2507 r.
460 2451 492 2512 8.
533 2458 609 2506 teste
630 2447 752 2505 Socrate
776 2445 816 2526 (7
841 2445 898 2524 10)
919 2445 1115 2505 barbarorum
1142 2448 1218 2506 circa
1237 2450 1376 2508 Peneum

238 2553 242 2572 ¹
270 2535 397 2599 flurium
413 2531 600 2592 aThessalis
616 2533 679 2590 fere
693 2535 748 2588 tria
765 2532 848 2589 milia
862 2540 931 2590 suut
947 2551 1042 2589 caesa.

355 2640 386 2698 p.
409 2619 471 2682 253
488 2639 517 2676 v.
540 2624 569 2681 1.
612 2637 695 2676 sacra
714 2619 856 2675 Graeciae
879 2618 990 2676 abolita
1013 2627 1042 2674 et
1065 2617 1219 2675 Eleusinia
1242 2635 1375 2676 cessasse

269 2725 306 2765 ea
318 2702 453 2764 Alarichi
465 2706 671 2782 impressione,
693 2715 798 2761 auctor
807 2706 871 2781 ipse
885 2705 1039 2780 Eunapius
1053 2713 1097 2760 est
1111 2703 1156 2782 (in
1169 2705 1230 2760 rita
1243 2705 1375 2760 Maximi

267 2791 292 2850 l.
307 2788 360 2869 m).
404 2788 588 2848 Claudianus
600 2791 632 2845 in
644 2787 743 2845 Rusm.
756 2792 778 2850 2
797 2791 873 2850 191:
895 2789 1030 2865 neos'era
1043 2790 1199 2866 Cecropios
1214 2790 1376 2846 traxissent

268 2875 395 2936 vincula
409 2886 532 2946 matres,
555 2893 624 2931 cum
638 2875 823 2951 Hieronymo
839 2893 886 2951 ep.
900 2877 919 2936 3
935 2875 1092 2951 conspirat,
1108 2877 1161 2954 qui
1171 2871 1374 2932 Athenienses

270 2981 341 3020 oum
357 2958 519 3019 Corinthiis
535 2969 565 3016 et
580 2955 828 3016 Lacedaemoniis
843 2955 950 3016 eadem
962 2977 1118 3037 perpessos
1136 2979 1201 3018 esse
1215 2959 1269 3018 eit.
1292 2977 1373 3039 quae

270 3043 396 3127 quidem
411 3047 581 3103 testiinonia
599 3064 669 3102 curn
682 3045 820 3117 Zosimo‚
851 3045 904 3123 qui
924 3046 1040 3102 stetisse
1055 3041 1190 3104 Athenas
1204 3045 1372 3103 incolumes

271 3142 302 3190 et
315 3151 333 3189 a
345 3130 539 3189 barbarorum
553 3131 665 3208 rapinis
679 3131 804 3186 intactas
818 3127 937 3203 scribit,
967 3131 1008 3186 ita
1025 3127 1064 3185 ud
1079 3149 1257 3188 consensum
1273 3127 1373 3208 redigi

268 3227 410 3296 possmrt,
432 3225 466 3273 ut
481 3217 580 3273 Attica
596 3225 715 3272 tantum
726 3215 825 3291 regio,
854 3215 945 3272 salvis
958 3211 1085 3272 Athenis
1102 3215 1193 3294 ipsis,
1226 3212 1372 3274 hostilem

268 3303 410 3360 iniuriam
430 3311 554 3379 experta
575 3320 640 3358 esse
656 3297 802 3358 credatur.
846 3297 1064 3377 Philostorgius
1076 3319 1146 3357 vero
1164 3300 1220 3379 (12
1241 3301 1276 3379 2)
1293 3299 1371 3358 Ala-

268 3385 387 3444 ricbum
402 3389 527 3444 intrasse
538 3382 672 3442 Athenas
692 3383 795 3442 dicens
813 3382 852 3442 ad
865 3385 979 3442 Zosimi
1000 3385 1090 3442 verba
1111 3385 1153 3441 itu
1170 3383 1371 3464 explicandus

269 3473 344 3546 erit,
365 3481 399 3529 ut
413 3469 546 3529 hostium
562 3466 627 3527 dux
639 3489 702 3526 non
717 3488 787 3527 cum
799 3471 908 3548 copiis,
932 3480 963 3527 et
973 3468 1094 3528 foedere
1109 3480 1178 3530 ante
1193 3469 1369 3551 composito,

267 3556 374 3615 urbem
385 3557 536 3634 ingressus
550 3557 598 3613 sit.
642 3555 680 3612 cf.
697 3574 772 3612 mox
787 3574 813 3613 c.
828 3559 848 3620 6
866 3575 896 3613 v.
915 3557 951 3617 11
967 3574 1052 3634 seqq.

354 3639 400 3698 ib:
413 3661 441 3698 v.
456 3645 487 3705 6.
531 3659 601 3698 oum
616 3637 776 3698 Christiani
791 3641 849 3698 isto
867 3660 940 3698 aevo
956 3638 1032 3697 nihil
1047 3640 1128 3715 fere,
1152 3637 1233 3720 quod
1248 3659 1367 3699 memo·

268 3727 362 3787 rabile
376 3737 463 3799 esset,
486 3728 550 3784 sine
559 3725 704 3784 miraculo
716 3727 831 3782 facttrm
841 3727 995 3800 iactarent,
1018 3724 1208 3784 tolerandum
1221 3745 1292 3784 sane
1304 3737 1368 3784 erat

266 3817 299 3872 iu
318 3812 496 3892 gentilibus,
527 3814 553 3870 si
567 3822 597 3870 et
609 3812 656 3868 illi
668 3830 722 3870 sua
736 3810 887 3868 miracula
899 3809 1097 3870 venditarent.
1139 3811 1281 3869 Athenon
1296 3815 1366 3892 qui-

267 3898 339 3958 dem
357 3899 464 3958 urbem
481 3899 589 3956 tultam
604 3917 669 3955 esse
687 3916 776 3955 nemo
789 3899 929 3970 miretur,
960 3895 1014 3954 sed
1029 3896 1103 3976 quid
1115 3896 1258 3954 Achates
1270 3895 1366 3955 Athe·

266 3987 418 4043 niensium
440 3983 529 4041 rebus
551 4003 584 4042 se
606 3984 819 4056 immiscuerit,
849 4000 910 4039 ιιοιι
925 3983 1027 4040 statim
1040 3984 1073 4039 in
1086 3993 1195 4061 aperto
1216 3993 1277 4057 est,
1306 3985 1366 4040 nisi

265 4071 439 4128 memineris
454 4087 580 4148 eaquae
595 4066 616 4129 4
639 4068 677 4130 18
693 4065 731 4125 de
739 4069 875 4125 Nestoris
887 4065 1086 4146 hierophanta
1098 4078 1263 4127 memorata
1277 4078 1364 4142 sunt;

264 4151 426 4214 induxerat
437 4155 491 4212 ille
504 4172 610 4228 somno
623 4155 755 4211 monitus
772 4149 862 4210 huius
875 4149 974 4213 herois
988 4153 1175 4250 religionem.
1208 4153 1254 4210 H.

348 4259 379 4318 p
371 4239 457 4304 254
472 4261 501 4298 v.
517 4243 549 4303 7.
591 4231 753 4318 ἡΣιιᾶρτη
777 4231 965 4322 συναπήγετο
984 4243 1023 4324 τῇ
1044 4241 1137 4324 κοινῇι
1153 4231 1207 4318 τ’ῆς
1223 4231 1364 4310 Ἑλλάδος

262 4317 372 4388 ιὶλῶσει
383 4334 483 4405 potest
496 4323 591 4386 sideri
602 4333 708 4405 argute
722 4321 838 4386 uana
853 4343 918 4386 esse
932 4326 1019 4408 quasi
1032 4335 1095 4385 tota
1113 4325 1258 4398 Graecia,
1273 4333 1363 4402 capto
