3025 4892
412 293 745 363 COMMENTARIUS
770 293 1037 364 HlSTORIGUS.
1202 295 1275 368 361

178 461 333 524 Antiocho
348 473 421 541 post
437 473 561 542 captatur
583 463 774 522 Demetrium
793 466 827 522 iu
851 483 942 543 regno
973 465 1079 543 Syriae
1103 466 1275 536 constituto,

178 550 213 610 ld
233 549 315 630 quod
335 547 373 607 de
392 547 541 608 Antiocho
561 548 664 609 Sidete
680 552 737 607 erit
753 548 977 628 accipiendum,
999 551 1152 608 Demetrio
1169 553 1277 608 aPar-

177 634 240 697 this
254 645 340 714 capto
353 646 422 692 ante
436 636 468 692 0.
484 655 515 692 ιι.
530 634 602 699 141.
646 638 784 693 convenit
802 635 865 694 fere
883 645 1003 714 tempus
1023 631 1055 692 h.
1076 637 1098 692 l.
1120 638 1273 694 aZosimo

178 731 326 786 notatum.
369 740 442 778 nam
459 718 638 780 Nicomedes
656 719 835 798 Philopator
853 724 931 800 patri
952 723 1094 780 successit
1113 722 1236 779 Prusiae
1256 726 1279 784 2

179 807 321 866 Venatori
335 816 402 863 ante
415 807 449 862 0.
463 825 496 862 ιι.
513 805 589 879 149,
613 808 697 864 cuius
716 803 843 864 insidias
864 807 921 864 sibi
936 807 1030 866 factas
1043 807 1124 864 ultus
1139 817 1183 863 est
1197 807 1276 866 tilius

179 892 295 949 auxilio
307 892 403 950 Attali
416 888 625 969 Philadelphi,
647 893 727 969 regis
740 892 1006 970 Pergamenorum.
1051 893 1191 970 exposuit
1212 911 1278 950 rem

180 974 266 1036 docte
280 974 467 1035 Freinshem.
482 977 640 1054 Supplem.
654 979 734 1034 Livii
746 977 800 1034 lib.
818 979 870 1041 50.
915 979 973 1034 alic
993 987 1095 1036 tamen
1114 977 1180 1034 loco
1194 979 1278 1034 Pau-

179 1065 279 1120 sanias
301 1064 366 1141 ipse
388 1082 442 1122 sua
463 1064 564 1119 vineta
586 1061 699 1135 caedit,
722 1081 749 1119 c.
776 1061 813 1126 15
834 1081 865 1140 p.
888 1064 966 1138 833,
996 1063 1049 1119 ubi
1070 1062 1278 1120 Gallorun-in

176 1149 282 1207 Asiam
297 1150 452 1206 traiectum
466 1144 669 1205 aPhaennide
682 1158 779 1204 aetate
789 1168 866 1217 unc,
882 1159 1044 1226 antequam
1057 1169 1104 1206 rea
1112 1158 1278 1225 gereretur,

177 1231 362 1314 praedictam
383 1243 499 1307 narrat,
521 1234 652 1290 carmine
676 1252 796 1313 quoque
819 1235 973 1312 apposito:
1005 1236 1089 1312 atqui
1109 1233 1205 1291 factus
1224 1233 1277 1290 ille

178 1320 319 1377 traiectus
341 1319 396 1377 sub
419 1337 532 1376 annum
555 1329 625 1376 aute
649 1319 681 1377 C.
705 1338 737 1376 ιι.
758 1318 820 1382 275
842 1317 1002 1376 Nicomede
1023 1317 1184 1397 Bithyniae
1205 1336 1276 1396 rege

179 1405 368 1462 conciliante.
412 1402 450 1461 ad
472 1405 527 1460 illa
545 1414 648 1461 tamen
667 1415 803 1482 tempora
818 1423 922 1462 versus
939 1404 976 1479 ab
993 1406 1059 1482 ipso
1073 1403 1211 1462 laudatos
1226 1425 1276 1462 re-

178 1491 293 1567 spicere
316 1487 446 1546 dubitari
465 1491 580 1568 nequit.
622 1501 656 1547 ut
672 1487 747 1546 adeo
764 1491 797 1546 iu
811 1486 869 1548 hoc
887 1509 1004 1569 quoque
1020 1500 1087 1547 vate
1102 1491 1216 1547 factum
1227 1492 1276 1546 vi-

179 1573 269 1649 deas,
291 1585 324 1634 ut
338 1576 454 1633 nomini
469 1576 548 1633 claro
562 1574 764 1633 tribuerentur
778 1575 853 1648 alia,
876 1585 972 1632 aetate
993 1585 1022 1632 et
1037 1577 1210 1632 auctoritate
1227 1572 1276 1630 di-

178 1678 274 1717 versa.
319 1671 450 1717 ceterum
463 1678 524 1718 ves.
539 1679 565 1717 c.
578 1663 619 1722 37
637 1679 677 1716 ex
696 1657 822 1718 diversis
839 1657 1025 1718 diversorum
1037 1670 1207 1736 temporum
1221 1679 1276 1718 va-

178 1746 290 1802 ticiniis
302 1747 334 1803 in
348 1765 444 1803 unum
457 1747 623 1822 congestis,
644 1747 743 1824 iisque
759 1748 839 1802 varie
854 1747 1056 1823 interpolatis,
1080 1755 1213 1802 constare
1228 1746 1276 1803 vi-

179 1827 297 1887 dentur.
339 1832 453 1909 priores
473 1831 626 1889 oraculum
646 1827 803 1890 Nicomedi
825 1827 928 1888 datum
940 1827 1102 1888 exhibent:
1125 1831 1210 1888 estis
1224 1850 1276 1890 ree

183 1914 350 1987 Thracum,
372 1913 405 1972 h.
422 1912 623 1994 Bithynorum
637 1917 736 1992 stirpis
749 1913 924 1972 Thracicae.
969 1916 1091 1974 consilia
1108 1915 1161 1971 ille
1178 1918 1276 1993 agita-

176 1999 230 2059 bat
242 2003 275 2056 iu
286 2003 483 2078 Byzantium:
505 1999 560 2058 sed
573 2020 627 2060 suo
641 2021 710 2058 cum
724 2002 828 2074 exitio,
851 2020 957 2058 verum
968 2004 1000 2060 in
1012 1999 1060 2058 his
1071 2019 1164 2058 verss.
1178 2003 1280 2078 priora

177 2084 218 2144 ad
230 2089 430 2164 antiquiorem
444 2084 640 2146 Nicomedem
652 2095 786 2166 spectare
801 2087 944 2164 suspicor.
987 2090 1020 2146 iu
1032 2105 1117 2166 seqq.
1129 2083 1197 2162 lupi
1208 2097 1278 2144 suut

175 2171 315 2232 Romani.
356 2173 404 2230 H.

261 2277 293 2335 p.
310 2260 370 2318 104
383 2277 413 2316 v.
429 2263 457 2322 1.
501 2256 583 2337 apud
597 2259 748 2317 lulianum
763 2255 809 2337 (iu
824 2257 941 2316 Caesar.
955 2275 987 2336 p.
996 2255 1083 2336 835),
1106 2257 1158 2336 qui
1172 2257 1278 2315 acerba

178 2341 408 2400 Constantinum
430 2347 580 2422 exagitat,
601 2346 766 2419 Mercurio,
789 2345 944 2422 quaerenti
967 2363 1006 2400 ex
1025 2364 1061 2400 eo
1077 2362 1154 2422 quae
1167 2343 1280 2404 suerint

179 2426 238 2482 sibi
255 2427 334 2483 bona
356 2430 540 2506 exoptabilia
560 2439 589 2487 et
612 2432 760 2506 expetita,
787 2427 948 2506 respondet
971 2431 1150 2508 imperator:
1182 2422 1279 2489 πολλοὶ

177 2504 368 2589 κτησάμενον
380 2509 475 2574 uolid'
490 2515 688 2594 χαρίσασθαι,
708 2518 775 2584 ταῖς
788 2536 819 2572 τε
834 2513 1010 2594 ἐπιθυμίαις
1023 2519 1088 2586 ταῖς
1103 2511 1215 2574 ἑαυτοῦ
1227 2511 1279 2574 nul

178 2600 246 2668 ταῖς
264 2600 325 2656 τῶν
345 2597 444 2671 φίλων
464 2595 686 2677 ὑπουργοῦντα.
730 2599 915 2679 ..brandanus
940 2601 976 2660 16
1005 2602 1042 2662 82
1073 2599 1279 2676 proximorum

170 2679 285 2759 fauces
295 2684 414 2758 operuit
419 2684 541 2760 primus
554 2685 687 2739 cmru'um
704 2681 926 2742 Constantinus.

264 2764 305 2822 it.
321 2786 351 2823 v.
365 2770 395 2828 6.
440 2787 517 2847 quae
530 2764 568 2824 de
583 2765 779 2847 chrysargyrc
795 2768 922 2846 aliisque
935 2767 1053 2826 tributis
1066 2787 1121 2846 per
1132 2767 1280 2826 (lanstan-

179 2851 278 2908 tinum
296 2854 447 2930 impositis
464 2856 603 2912 Zosimus
628 2853 724 2927 dixit,
748 2872 816 2910 cum
831 2873 865 2910 ea
878 2855 973 2931 ipsius
988 2855 1052 2910 sola
1066 2851 1124 2912 fide
1136 2855 1278 2930 nitantur,

179 2955 300 3015 semper
320 2957 389 2994 eam
411 2937 573 2996 cavillandi
593 2938 719 2996 facultas
740 2949 894 3016 suppetet,
917 2941 1092 3016 praesertim
1110 2958 1178 2996 cum
1193 2941 1225 2996 in
1243 2958 1278 2996 ea

180 3042 213 3081 re
236 3024 273 3079 ab
299 3024 448 3082 erroribus
467 3025 526 3082 sibi
545 3044 607 3081 ιιοιι
631 3025 703 3081 satis
726 3034 827 3080 auctor
849 3026 969 3082 caverit.
1012 3027 1074 3084 iam
1089 3026 1278 3102 impugnavit

181 3109 245 3165 eius
270 3112 477 3166 auctoritatem
498 3111 646 3186 Euagrius
669 3109 766 3186 (Hist.
782 3109 898 3172 Eccl.3
922 3108 1100 3188 39-42),
1123 3110 1193 3169 licet
1211 3111 1277 3187 ipse

180 3194 305 3250 meliora
319 3213 381 3252 ιιοιι
397 3192 512 3252 doceat.
555 3213 617 3251 non
637 3195 787 3252 immerito
799 3205 902 3250 tamen
919 3195 1056 3252 Zosimus
1071 3205 1175 3252 notam
1187 3195 1277 3270 subit,

179 3281 311 3355 primum
329 3279 411 3359 quod
425 3279 631 3338 meretricibus
644 3281 735 3337 etiam
751 3277 980 3357 chrysargyrum
995 3278 1173 3338 solvendmn
1184 3279 1277 3338 fuisse

180 3363 287 3422 tradit:
309 3385 381 3424 nam
399 3366 545 3442 tributum
563 3356 727 3444 πορνικόν,
749 3365 964 3424 amulierculis
975 3362 1150 3442 pudicitiam
1166 3367 1278 3442 prosti-

181 3449 334 3506 tuentibus
357 3449 590 3523 conferendum,
613 3469 682 3507 cum
705 3451 862 3508 collatione
884 3449 1018 3525 lustrali,
1042 3471 1082 3508 ex
1098 3469 1157 3530 qua
1172 3447 1277 3530 chrys-

182 3551 325 3611 argyrum
343 3545 521 3609 crusinam,
545 3533 743 3593 contuderunt
759 3546 824 3592 tum
838 3537 977 3596 Zosimus
998 3545 1065 3594 turn
1088 3537 1155 3611 alii,
1178 3539 1280 3594 Zona·

182 3636 231 3675 ras
253 3617 404 3677 cedrenus
428 3631 458 3678 et
480 3624 545 3699 ipse
567 3623 716 3698 Evagrius
740 3621 774 3680 in
802 3630 939 3681 nostrum
958 3623 1127 3700 insurgens.
1171 3619 1280 3679 deinde

183 3699 414 3782 chrysargyrum
434 3725 497 3763 ιιοιι
517 3704 714 3785 quadriennio
734 3723 853 3785 quoque
875 3703 930 3763 sed
951 3709 1155 3786 quinquennio
1174 3717 1282 3784 peten-

183 3785 256 3849 dum
276 3789 349 3862 fuit,
373 3808 465 3868 quem
485 3789 610 3871 quidem
631 3789 970 3868 dissensumingenicsa
986 3792 1086 3870 aliqua
1103 3794 1283 3868 interpreta-

182 3877 264 3931 tione
285 3876 397 3952 Pagius
419 3876 471 3950 (iu
494 3875 565 3934 diss.
586 3874 747 3956 hypatica)
769 3878 812 3933 ita
833 3877 938 3933 tollere
961 3877 1153 3950 allaboravit,
1176 3886 1209 3932 ut
1232 3887 1283 3934 aut

183 3960 412 4021 Constantinum
433 3963 592 4020 intervallo
614 3963 771 4020 solutionis
786 3961 890 4020 tributi
904 3971 1095 4038 coangustato
1111 3963 1284 4040 quinquen-

182 4045 252 4102 nale
271 4056 404 4104 mutasse
423 4057 543 4124 tempus
564 4057 690 4122 statuat,
713 4057 765 4104 aut
785 4045 1009 4125 subcerqprndv
1029 4048 1156 4106 lustrum
1176 4045 1282 4104 eadem

184 4148 244 4208 qua
273 4132 422 4209 olympias
447 4133 625 4208 intelligitur
649 4134 763 4190 ratione
785 4133 1010 4209 interpretetur3
1043 4150 1120 4211 quae
1145 4133 1282 4210 quamvis

183 4225 324 4292 quattuor
340 4213 431 4276 modo
454 4236 602 4274 antrorum
619 4221 750 4295 spatium
767 4215 1016 4295 comprehendat,
1037 4217 1166 4276 lustrmn
1180 4227 1282 4274 tamen

181 4311 314 4360 vocatur.
369 4299 500 4384 denique
523 4302 681 4362 manifeste
704 4302 844 4362 Zosimus
866 4303 993 4380 labitur,
1022 4313 1175 4362 auctorem
1194 4303 1282 4364 istius
