3025 4892
528 340 607 407 sla.
633 344 653 407 3
680 340 765 409 CAP.
790 341 843 409 25.
868 346 921 409 26.
1201 346 1274 419 161

166 515 268 594 τηγιῦν
281 510 314 574 ἓν
330 515 375 597 τῷ
387 506 502 597 χάρακι
519 513 815 595 καταλελειμμέναις.
858 511 965 579 ἴπεσον
980 512 1015 579 δέ
1027 514 1078 580 καί
1092 515 1124 581 δν
1137 514 1273 605 τῇμάχη

119 626 124 635 ’
166 616 300 699 Περσῶν
319 616 376 696 μὲν
397 612 586 680 πεντακόσιοι
604 619 656 680 καλ
676 618 835 699 δισχίλιοι,
856 612 1015 699 Ῥωμαίων
1038 620 1073 685 δὲ
1094 618 1130 685 ού
1151 623 1273 699 πλείους

167 716 255 781 πίντε
279 720 330 781 καὶ
353 714 574 803 ἑβδομήκοντα.
625 718 679 785 τδν
704 721 739 786 δὲ
763 722 812 785 ἐπὶ
835 726 875 806 τῇ
897 723 965 807 νίκη
987 728 1044 786 τοῦ
1064 726 1272 809 στρατοπίδοα

167 824 284 885 παιᾶνα
300 822 422 911 Βίκτωρ
439 818 456 888 ὃ
473 822 643 911 στρατηγὸς
658 822 744 902 ἴδοξί
756 848 822 902 πως
837 826 982 890 ἐλαττοῦν
998 828 1170 913 καταπελτη
1190 853 1273 915 τρω-

141 925 245 1000 ῦθείς.

270 1024 330 1095 26·
383 1032 434 1115 Τῇ
451 1028 485 1093 δι’
499 1024 646 1120 ῦστεραίρ
662 1028 716 1095 τδν
734 1031 874 1116 Τίγρητα
890 1030 1029 1113 ποταμδν
1043 1027 1060 1095 δ
1075 1031 1221 1113 βασιλεῦς
1234 1032 1271 1099 τδ

165 1125 341 1215 στράτευμα
359 1130 406 1195 tut
422 1137 537 1217 πολλῆς
555 1132 659 1209 ἀδείας
676 1131 880 1223 διαβιβάσας,
901 1137 988 1221 τρίτῃ
1004 1133 1083 1216 μετὰ
1097 1134 1154 1218 τὴν
1167 1132 1272 1219 μάχην

163 1229 264 1323 ἦμίριμ
286 1237 338 1299 καλ
363 1235 456 1312 αὐτὸς
475 1236 553 1318 μετιλ
574 1234 676 1319 πάσης
697 1244 753 1319 τῆς
774 1238 858 1324 ἀμφ’
882 1238 976 1303 αύτδν
998 1240 1187 1324 δορυφορίας
1200 1241 1271 1304 ἔντε-

164 1344 306 1421 ραιοῦτο,
337 1342 389 1402 καλ
409 1337 486 1425 πρύς
507 1367 535 1405 τι
554 1342 668 1426 χωρίον
688 1341 790 1405 laam
818 1340 1012 1422 (Ῐίβουζαδά
1034 1350 1123 1407 τοῦτο
1146 1344 1269 1427 Πέρσαι

123 1456 157 1509 to
165 1442 330 1524 καλοῦσιν)
350 1438 468 1527 ἡμίρας
491 1441 640 1531 ἐντούτῳ
664 1445 790 1525 διίμεινε
809 1445 905 1511 πίντε.
957 1446 1132 1509 διασκοπῶν
1151 1447 1184 1510 δὲ
1200 1449 1271 1531 περὶ

162 1550 218 1625 τῆς
237 1545 370 1609 ε’πίκεινα
388 1548 511 1631 πορείας
527 1544 650 1627 άμεινον
666 1544 743 1629 ἔχειν
761 1544 851 1635 ᾠήθη
870 1548 977 1631 μηκίτι
996 1550 1271 1635 συμπαραπίμπειν

161 1654 201 1733 τῇ
217 1646 299 1733 ὄχθῃ
314 1654 372 1713 τοῦ
384 1655 527 1731 ποταμοῦ
541 1648 595 1713 τὸν
613 1647 763 1736 στρατόν,
790 1649 903 1715 ἀνιέναι
920 1652 954 1715 δὲ
968 1652 1016 1714 tat
1028 1649 1085 1733 τὴν
1098 1649 1270 1736 μεσόγειαν,

163 1746 206 1825 ὡς
222 1750 345 1827 ούδενδς
361 1748 598 1835 ὑπολειπομένου
615 1754 730 1817 πλοίων
747 1756 791 1829 εἷς
800 1754 908 1840 χρείαν
926 1752 1038 1829 αύτούς
1054 1753 1270 1831 καθιστάντος.

161 1858 260 1917 ταῦτα
282 1852 320 1937 δὴ
346 1854 452 1936 λαβὼν
475 1854 554 1921 κατὰ
578 1861 650 1919 νοῦν
674 1858 836 1941 είσηγεῖται
857 1856 974 1940 βουλὴν
993 1861 1040 1944 τῷ
1063 1863 1202 1946 στρατῷ,
1227 1857 1268 1924 sd

120 1966 153 2023 16
163 1961 254 2020 πλοῖα
278 1958 432 2044 ἐμπρῆσαι
459 1956 597 2024 κελεύων.
624 1962 701 2024 ,καλ
726 1957 844 2039 πάντα,
866 1960 945 2043 πλὴν
967 1959 1173 2025 ὀκτωκαίδεκα
1190 1958 1268 2025 Ῥω-

160 2066 280 2141 μαϊκῶν
308 2064 472 2147 Περσικῶν
494 2064 527 2127 δὲ
550 2059 724 2149 τεσσάρων,
755 2060 939 2147 ἐδαπανήθη
963 2064 1041 2150 πυρί
1046 2082 1055 2100 ·
1084 2069 1182 2129 ταῦτα
1206 2064 1267 2153 γὰρ

161 2160 295 2245 ἁμάξαις
319 2162 472 2252 φερόμενα
494 2163 674 2250 ἠκολούθει,
692 2176 762 2243 ταῖς
776 2165 1021 2243 άνακνπτούσαις
1036 2162 1079 2243 ὥς
1093 2166 1173 2244 είκδς
1185 2163 1268 2251 ῦπη-

161 2265 347 2353 ρετησύμενα
365 2272 494 2355 χρείαις.
546 2268 646 2355 ὀλίγον
672 2270 703 2335 δ’
726 2270 868 2357 ἀνωτίρω
884 2276 942 2336 τοῦ
955 2275 1099 2351 ποταμοῦ
1112 2270 1148 2336 sd
1163 2267 1267 2335 λειπό-

159 2395 251 2451 μενον
263 2370 321 2435 ἔδει
334 2370 527 2455 ποιήσασθαι
539 2380 595 2458 τῆς
612 2369 696 2437 ὁδοῦ.
747 2375 878 2465 Νοορδηῖ
892 2374 925 2439 δὲ
938 2379 983 2461 τῷ
996 2372 1080 2460 τόπῳ
1094 2371 1267 2461 προσσχόν-

118 2484 209 2550 mser
223 2474 319 2538 αὐτοῦ
331 2500 390 2538 που
404 2478 565 2541 κατέλυον·
592 2474 670 2540 {baa
683 2478 790 2545 πολλολ
803 2474 998 2561 πανταχόθεν
1008 2474 1167 2561 ἡλίσκοντο
1179 2479 1267 2563 Πίρ-

160 2602 212 2641 σαι
228 2579 280 2641 καλ
294 2576 548 2664 κατεσφάττοντο.
591 2576 734 2656 tandum
748 2580 782 2644 dd
795 2584 838 2656 είς
852 2578 906 2645 τδν
918 2581 1043 2665 Δοῦριν
1053 2580 1191 2663 ποταμὸν
1203 2583 1266 2646 διί-

158 2686 261 2762 βησαν
277 2686 385 2745 τοῦτον
398 2682 535 2768 γίφυραν
549 2678 713 2761 ζεύξαντες.
748 2682 811 2746 insi
824 2683 858 2747 δὲ
870 2681 943 2760 τούς
955 2684 1084 2770 Πέρσας
1096 2679 1265 2750 ἐθεάσαντο

158 2781 213 2849 τὸν
227 2784 284 2867 μὲν
300 2784 331 2847 ἓν
346 2790 385 2871 τῇ
399 2792 439 2871 γῇ
454 2782 553 2850 πάντα
564 2784 653 2868 χιλδν
666 2784 933 2867 κατακαύσαντας,
959 2781 1003 2863 ὥς
1015 2783 1053 2852 da
1065 2784 1104 2851 τὰ
1118 2782 1266 2872 ῦποζύγια

228 2964 260 3018 11
279 2960 349 3032 ἔχειν
366 2962 405 3016 Ην
421 2961 479 3017 libri
496 2958 576 3031 ἔχων.

158 3122 214 3169 sato
226 3122 406 3189 reppererunt.
431 3116 579 3171 ceciderunt
589 3116 613 3170 in
625 3134 710 3187 pugna
720 3116 858 3170 Persarum
869 3116 920 3169 duo
931 3114 998 3170 milia
1008 3116 1149 3187 quingenti,
1165 3118 1264 3172 Roma-

158 3204 246 3239 norum
267 3206 317 3239 non
339 3188 426 3257 plures
444 3204 519 3258 qnam
530 3186 693 3257 septuaginta
705 3188 824 3257 quinque.
859 3186 1005 3239 ovationem
1018 3188 1146 3239 exercitas
1157 3190 1190 3239 ob
1203 3205 1264 3257 par-

158 3262 210 3308 tem
227 3256 361 3310 victoriam
381 3256 452 3309 visus
472 3265 513 3310 est
533 3256 717 3327 quodammodo
729 3256 782 3309 dux
795 3254 901 3323 Victor,
919 3254 1051 3325 catapulta
1066 3255 1165 3325 laeana,
1181 3257 1264 3310 imam-

157 3340 245 3376 nuere.

226 3394 271 3447 26.
306 3392 435 3447 Postridie
455 3394 596 3465 imperator
616 3392 731 3447 exercitu
751 3399 822 3446 uana
833 3392 933 3461 Tigrim
946 3390 1039 3444 flumen
1050 3408 1144 3461 magna
1155 3410 1211 3445 cum
1221 3410 1265 3447 se·

158 3460 268 3513 caritate
286 3472 379 3528 vecto,
406 3464 485 3516 tertio
504 3474 564 3533 post
583 3480 694 3533 pugnarn
713 3462 754 3514 die
774 3478 829 3515 cum
845 3463 966 3514 universo
978 3462 1099 3514 satellitio
1111 3479 1157 3514 sno
1169 3462 1264 3532 etipse

159 3530 338 3583 transiiciebat.
377 3550 483 3601 cumque
495 3533 657 3601 pervenisset
668 3532 700 3583 ad
712 3532 843 3583 castelium
855 3531 981 3652 pnoddsm
999 3532 1155 3599 (Abucatbs
1166 3532 1265 3585 Persae

158 3600 294 3666 vocant),
321 3599 375 3651 dies
385 3600 411 3652 in
424 3620 454 3653 eo
467 3603 578 3671 quinque
590 3610 760 3653 commoratus
772 3608 819 3653 est
873 3600 991 3670 ispiciens
1002 3608 1087 3652 anum
1100 3599 1131 3652 de
1144 3602 1263 3653 faciundo

157 3668 267 3722 ulterius
279 3667 371 3719 itinere
382 3671 478 3723 rectius
490 3674 656 3723 scincturam
668 3670 808 3723 arbitratus
819 3677 873 3735 est,
890 3671 915 3722 si
932 3676 1040 3739 propter
1057 3670 1138 3738 ripam
1152 3670 1263 3722 fluminis

158 3737 299 3789 exercitum
318 3754 369 3788 non
387 3739 493 3808 amplius
512 3740 633 3809 duceret,
661 3738 707 3791 sed
719 3738 752 3789 ad
764 3738 950 3791 mediterranea
960 3746 1098 3808 pergeret,
1114 3738 1183 3807 qnod
1195 3739 1263 3791 nulla

157 3806 206 3859 iem
227 3822 304 3857 causa
324 3814 472 3875 superesset
489 3824 554 3876 qnae
568 3824 638 3860 usum
650 3807 808 3875 navigiorum
819 3815 948 3879 posceret.
983 3807 1048 3857 baec
1058 3822 1114 3859 cum
1127 3806 1150 3857 ei
1162 3806 1194 3858 ad
1206 3808 1263 3858 ani-

157 3890 223 3927 mum
235 3874 398 3941 accidissent,
417 3878 539 3929 exercitui
552 3877 684 3929 concilium
697 3876 816 3945 exponit,
834 3892 915 3929 naves
926 3876 998 3929 exuri
1009 3876 1112 3939 inbens3
1129 3892 1196 3944 quae
1207 3876 1264 3943 qui-

157 3944 213 3997 dem
233 3960 337 4009 omnes,
354 3942 463 4015 demptis
481 3946 568 3998 decom
589 3955 615 3998 ct
636 3954 695 3998 octo
714 3945 856 4012 Romanis,
873 3944 985 3997 Persicis
998 3953 1131 4013 quattuor,
1148 3944 1203 4011 igni
1212 3946 1263 3996 ab·

157 4022 273 4082 sumptae
291 4014 403 4067 suerunt.
439 4030 496 4066 nam
516 4014 633 4067 curribus
644 4015 693 4066 bae
703 4022 796 4067 vectae
807 4014 992 4067 comitabantur
1004 4010 1158 4079 exercitum,
1177 4028 1262 4063 smer-

157 4084 291 4150 gentibus,
316 4098 362 4135 cen
377 4100 424 4152 par
435 4090 506 4153 erat,
530 4084 617 4136 usibus
633 4084 832 4136 subserritnrae.
866 4084 915 4136 iam
927 4082 1003 4151 paulo
1015 4096 1095 4151 supra
1106 4080 1200 4133 flumen
1212 4080 1263 4133 iter

158 4152 282 4221 reliquum
301 4153 483 4205 conficiendum
503 4162 566 4204 erat.
603 4152 647 4204 ubi
662 4152 744 4204 locum
756 4151 800 4221 qni
810 4152 919 4204 Noorda
931 4151 1023 4202 dicitur
1034 4148 1193 4219 attigissent,
1211 4150 1265 4203 ibi-

157 4220 214 4271 dem
233 4220 403 4273 divertebant.
440 4224 582 4290 complnres
599 4220 642 4273 hic
659 4220 756 4273 Persae
777 4221 848 4290 capti
869 4228 896 4273 et
912 4218 1043 4273 trucidati.
1078 4219 1210 4288 progressi
1227 4220 1261 4274 ad

157 4288 254 4341 Durum
266 4306 364 4343 amnem
375 4296 455 4361 ponte
465 4292 551 4345 iuncte
563 4290 726 4343 transierunt.
759 4307 821 4343 cons
840 4290 902 4343 icati
918 4290 1014 4343 Persas
1033 4304 1108 4341 omne
1118 4288 1167 4340 soli
1179 4288 1262 4357 pabu-

156 4357 367 4491 lumzocrsmasse,
386 4366 415 4415 ut
426 4361 538 4416 iumenta
547 4358 720 4417 &muncrum
728 4365 818 4428 panus
829 4358 917 4432 mopis
928 4366 1092 4496 premepept,
1108 4357 1262 4428 eosdemque

236 4453 325 4494 ιιιιιαι.
