3025 4892
307 281 455 354 HEYNII
469 281 613 352 cutus.
630 281 677 352 lit
692 281 799 352 Noti.
814 279 966 352 ZOSffll
980 281 1096 350 tots.
1176 296 1249 352 nrt

150 447 295 550 mento
313 487 371 528 nec
386 466 419 528 in
432 467 571 528 oratione
584 473 664 528 esset
679 463 763 550 quod
773 475 810 528 ut
823 467 943 552 assequi
958 477 1011 529 aut
1022 469 1114 550 plene
1129 469 1248 552 perspi·

150 591 217 630 cere
236 583 375 652 possent,
396 571 473 630 elias
488 567 610 628 aliunde
625 579 745 650 paratas
759 568 911 632 doctrinae
926 572 1059 652 copiolas
1072 573 1249 652 requireret.

151 673 191 732 ad
203 672 259 734 lros
272 673 365 753 igitur
377 693 431 733 seu
445 669 628 732 socordiores
642 673 759 732 ammos
770 693 825 732 seu
835 675 1029 749 morosiores,
1050 677 1103 756 qui
1122 675 1162 733 ab
1179 676 1248 754 ipso

149 775 222 834 inde
237 777 341 835 limine
355 774 457 834 statim
470 783 574 853 aperta
586 775 732 862 omnia'et
743 787 900 856 perspecta
920 773 1032 836 babere
1049 776 1170 850 volunt,
1190 771 1249 835 nec

149 875 232 958 quod
247 879 306 936 elia
320 879 459 957 ingenie,
480 877 609 956 imtgoea
626 873 780 936 interdum
791 887 822 937 et
834 877 968 955 tumida,
987 877 1120 953 faciunt,
1140 873 1249 938 leviter

149 983 249 1041 omnia
262 981 433 1060 pervolare,
454 995 532 1060 quae
545 997 601 1037 nec
615 980 808 1060 intelligunt3
832 961 871 1040 ed
886 978 953 1057 bos,
973 983 1109 1062 inquam,
1130 981 1250 1039 animos

148 1101 238 1142 nsum
262 1083 396 1172 aliquem
417 1079 529 1142 habere
548 1091 650 1162 potest
669 1085 797 1164 scriptor
805 1084 892 1142 nulla
906 1103 1007 1142 rer-sm
1018 1100 1075 1142 nec
1088 1083 1251 1143 verborum

148 1186 327 1248 obscuritate
339 1184 490 1260 notabilis,
511 1185 565 1267 qni
576 1183 718 1246 fiduciam
731 1186 865 1268 Quam
876 1186 987 1246 virium
1001 1187 1039 1245 lis
1053 1186 1155 1260 iaciat,
1177 1202 1246 1244 cntn
1262 1211 1292 1265 p.
1308 1191 1362 1250 62³

148 1285 353 1368 despondeant
376 1284 420 1346 ad
441 1305 480 1346 ca
501 1288 667 1369 inquibus
684 1286 764 1348 nihil
783 1285 962 1368 expeditum
978 1288 1036 1348 sibi
1050 1307 1118 1350 esse
1132 1285 1248 1366 vident,

147 1389 267 1448 nullum
276 1389 380 1450 locum
390 1391 423 1448 in
435 1407 496 1470 quo
509 1392 672 1470 vestigium
684 1400 749 1450 tnto
763 1401 889 1471 ponant.

231 1492 392 1554 Enimvero
413 1503 483 1552 eunt
503 1493 557 1552 alli
582 1505 706 1574 quoque¹
727 1495 871 1569 lectores,
903 1493 1014 1575 quibus
1032 1511 1112 1554 nora
1133 1493 1249 1559 Zosimi
1346 1509 1360 1521 ”

147 1591 280 1654 editione
301 1595 471 1654 consultum
491 1613 556 1654 csse
574 1595 671 1654 voluit
691 1595 729 1654 cl.
745 1593 854 1656 editor.
894 1606 930 1655 nt
945 1596 1028 1654 enim
1042 1597 1164 1656 omrn‘no
1178 1613 1249 1668 conr

146 1695 189 1754 ad
208 1693 355 1756 iudicium
375 1696 467 1755 animi
487 1693 657 1755 acuendum
672 1707 738 1755 turn
754 1695 796 1756 ed
808 1697 968 1778 locupletis
980 1695 1133 1756 doctrinae
1145 1697 1248 1756 varie·

145 1807 244 1857 tatem
258 1792 500 1878 comparandam,
516 1815 577 1879 que
591 1816 652 1856 non
665 1798 743 1858 benc
756 1817 856 1858 cerere
868 1808 968 1879 potest
978 1799 1136 1877 ingenium
1146 1815 1249 1859 rerum

146 1899 229 1960 actui
253 1897 412 1974 idoneum,
436 1899 574 1977 inprimis
595 1902 671 1960 utile
692 1912 820 1962 estnon
841 1902 875 1960 in
895 1919 956 1960 uno
973 1901 1169 1980 scriptorum,
1191 1901 1249 1962 etsi

146 2003 486 2084 praestantissimorum,
507 2019 617 2080 genere
638 2001 779 2081 haerere,
801 2001 859 2064 sed
879 2000 1065 2062 diversorum
1083 2020 1250 2082 argumen⁴

146 2117 247 2166 torum
267 2114 400 2164 aetatum
420 2121 565 2182 genenrm
584 2107 708 2184 genium
725 2115 756 2166 ct
771 2125 888 2166 morem
901 2105 1093 2186 perspexisse
1106 2100 1249 2187 iactaque

147 2209 368 2288 comparatione
384 2205 616 2287 discrepantiam
632 2209 820 2285 observasse,
839 2211 884 2269 ita
903 2227 974 2268 cam
985 2208 1020 2266 in
1035 2207 1142 2266 ceteris
1155 2204 1250 2268 disci-

145 2312 238 2391 plinis
257 2327 401 2389 magnam
419 2310 582 2368 utilitatem
602 2308 694 2370 habet
718 2310 836 2370 diverse
856 2311 893 2369 ab
918 2305 1052 2390 iis‘quae
1065 2301 1188 2368 edoctus
1204 2310 1248 2370 ἐκ

146 2413 339 2474 κιιῆεηῒίωη
357 2411 468 2491 placita
480 2413 600 2490 lencm,
620 2425 686 2472 tum
702 2433 776 2474 vero
788 2414 822 2471 in
836 2409 1029 2472 historiarum
1042 2409 1143 2471 studio
1155 2428 1249 2470 nemo

145 2519 219 2575 satie
243 2515 374 2574 feliciter
392 2519 505 2578 versari
527 2527 625 2598 potest
651 2517 704 2598 qui
724 2525 778 2577 eut
795 2524 896 2575 retem
917 2523 970 2572 aut
987 2517 1154 2573 recentiora
1181 2514 1247 2574 sola

17 2673 18 2686 ,
147 2619 247 2678 animo
260 2621 452 2678 acmernoria
466 2621 643 2700 complexus
660 2620 709 2679 sit.
752 2617 975 2695 circumscripta
986 2614 1090 2696 itaque
1101 2625 1132 2673 et
1144 2615 1177 2674 in
1190 2633 1248 2674 en·

146 2731 268 2800 gustum
292 2721 421 2780 lirnitem
448 2732 598 2781 contracta
624 2719 729 2782 videas
755 2721 936 2799 plerumque
957 2713 1069 2775 indicia
1086 2712 1247 2776 hominum

145 2826 300 2904 utriusque
321 2823 451 2901 generis.
492 2824 631 2903 inprimis
654 2832 755 2880 tamen
777 2818 896 2880 salubre
918 2813 1054 2878 studium
1074 2827 1121 2876 est
1142 2836 1249 2877 eorum

145 2932 316 3006 temporum
336 2935 366 2983 st
384 2925 598 3005 imperiorum,
621 2943 698 3006 qnae
713 2922 824 3002 partim
837 2937 929 2999 prava
944 2937 1079 2978 smnmae
1091 2919 1248 2997 potestatis

145 3029 344 3108 moniumque
360 3023 569 3107 descriptione,
587 3027 698 3107 partim
710 3041 831 3084 morum
842 3019 1002 3101 disciplina
1013 3019 1134 3080 luxnda
1145 3021 1248 3099 primo

20 3193 21 3210 ,
145 3140 284 3210 corrupta
295 3148 371 3190 mox
384 3127 517 3210 perdita,
540 3127 580 3188 ad
593 3129 748 3187 interitum
759 3131 974 3207 properarunt,
995 3122 1022 3182 si
1035 3121 1112 3182 forte
1128 3120 1248 3204 aliquid

144 3231 235 3308 inde,
257 3229 340 3314 quod
358 3229 399 3290 ad
415 3241 516 3292 nostra
531 3239 668 3311 tempora
681 3231 756 3290 utile
768 3230 824 3304 sit,
844 3225 1001 3288 nansiarri
1013 3225 1126 3306 possit,
1146 3235 1182 3284 nt
1194 3227 1247 3284 in-

143 3335 299 3414 telligetur
312 3354 380 3394 cum
393 3335 587 3414 religionibus
602 3344 633 3394 et
643 3334 735 3394 sacris
747 3329 934 3412 purioribus,
955 3345 1026 3387 cum
1035 3327 1132 3388 literis
1144 3337 1175 3387 et
1187 3325 1247 3388 do·

145 3439 249 3497 etr-inis
276 3438 537 3519 exquisitissimis,
567 3455 637 3497 cum
658 3435 772 3494 artibus
794 3430 980 3493 commerciis
1001 3429 1247 3510 navigationibus

21 3585 22 3622 Ξ
144 3540 258 3622 requiri
276 3549 380 3600 tamen
403 3537 518 3622 aliquid
536 3536 577 3599 ed
596 3557 757 3618 regnorum
777 3533 956 3615 dignitatem
974 3542 1007 3592 et
1019 3531 1196 3591 felicitatem
1210 3532 1248 3591 in

143 3652 265 3723 tempus
283 3640 458 3704 dinturnm
473 3639 701 3716 stabiliendam,
724 3637 915 3718 disciplinam
929 3635 1045 3697 scilicet
1057 3651 1128 3694 cum
1140 3631 1247 3713 puhli-

143 3762 213 3804 cam
232 3753 299 3802 tum
317 3745 481 3824 privatam,
504 3763 566 3827 qua
586 3761 709 3824 corpore
722 3751 753 3800 et
767 3741 862 3802 ammi
873 3735 1068 3812 indurentur,
1090 3735 1248 3799 alnxnrie

142 3857 247 3906 autem
261 3844 302 3906 ed
313 3847 517 3927 frugalitatem
530 3857 561 3906 et
571 3847 786 3907 continentiam
799 3848 993 3917 revocentur,
1013 3858 1071 3898 neo
1083 3838 1248 3916 imperium

140 3949 286 4010 sustineri
300 3969 390 4030 posse
410 3951 510 4012 ullum
526 3969 584 4010 nec
605 3949 777 4010 libertatem
789 3948 903 4006 civium
915 3943 1054 4017 retineri,
1074 3957 1137 3998 non
1148 3938 1248 4016 magis

23 4097 26 4134 ,
141 4069 179 4113 ac
189 4053 300 4132 privati
316 4049 449 4116 hominis
462 4053 629 4129 familiam,
649 4053 704 4112 ubi
717 4051 751 4110 in
764 4049 884 4110 tabulas
899 4041 1105 4128 expensiplut
1117 4040 1248 4102 inienur

141 4170 238 4238 qnam
247 4157 282 4216 in
293 4155 411 4218 tabidas
426 4158 559 4237 acceptis
578 4139 752 4238 ubicunqne
773 4153 858 4213 enim
870 4151 917 4212 rai
930 4144 1248 4231 publioacneeessita·

140 4269 189 4318 tes
208 4259 369 4340 vectigalia
388 4269 419 4322 et
440 4257 555 4322 reditus
573 4268 733 4340 superant,
753 4257 852 4319 mnlto
872 4252 1248 4336 magisslexinsanisin

172 4367 316 4430 ‚uem
1011 4349 1042 4386 **
