3025 4892
576 299 851 389 ultumum
1179 321 1261 372 ma

166 487 311 550 bellicam
330 481 544 566 bugendena,
563 483 598 546 id
617 485 756 548 mamm
778 484 889 548 diserto
907 482 1162 569 quidmetsutis
1177 485 1261 547 ‹libs-

168 590 236 652 cide
252 609 401 672 nmqtsaus
416 588 510 666 dixit,
531 599 632 650 tamen
650 591 775 650 obem
787 588 868 651 tuat
879 588 1060 672 quibusdam
1075 593 1108 649 in
1124 592 1199 649 locis
1216 594 1261 650 si-

169 693 343 774 gnificatum
362 694 406 752 ire
425 691 560 754 ridetur:
578 693 614 772 ¹)
636 711 729 774 quam
748 711 821 752 vero
842 673 1004 754 euiticsum
1017 695 1062 754 rei
1075 695 1261 754 mitiadis-

168 795 330 858 terdictum
348 793 427 854 illud
447 795 538 854 fuerit
551 814 612 877 quo
628 796 745 854 exclusi
757 815 910 856 sacrorum
924 798 1052 856 cultores
1061 797 1226 877 patriorum
1242 813 1262 854 a

168 901 277 960 militia
291 907 387 974 erant,
402 894 442 977 ἱ)
462 897 562 958 verbis
578 899 615 958 sb
630 900 780 958 eominus
793 899 941 978 ambiguis
956 898 1135 958 dederetur.

253 1001 461 1060 Dissemiuatis
476 1001 520 1058 ita
540 1019 595 1080 per
615 1001 845 1060 constantinum
866 1003 1016 1061 malcrum
1036 1002 1148 1076 causis,
1173 1009 1260 1080 post·-

168 1123 263 1186 quam
280 1104 390 1162 bellica
407 1103 501 1162 virtus
519 1113 549 1162 et
564 1103 759 1162 reimilitceis
777 1123 864 1179 cura,
885 1124 962 1185 quse
977 1106 1011 1163 iu
1023 1104 1139 1162 Iuliano
1154 1112 1184 1160 et
1198 1105 1260 1162 Vae

167 1207 334 1266 lentinicnc
346 1215 424 1281 erat,
444 1203 475 1283 ⁸)
495 1207 606 1266 vulnus
617 1205 765 1264 inflictum
777 1206 903 1285 imperio
915 1207 1103 1288 abquentum
1113 1207 1261 1266 lenierunt

168 1319 394 1389 averteruntque
422 1305 464 1366 ad
486 1317 604 1388 tempus
625 1308 700 1367 maii
725 1308 805 1367 clam
826 1311 973 1388 serpentis
997 1311 1062 1369 um
1083 1320 1114 1370 et
1134 1310 1263 1380 exitam,

91 1419 94 1429 '
169 1410 749 1490 Theotoiim‚.1tomu10mmprtmum
766 1411 875 1471 virtute
894 1430 948 1472 sua
963 1414 1140 1492 sospitator,
1160 1413 1265 1490 pravis

169 1515 404 1596 perniciosisque
422 1509 532 1571 deiude
552 1515 585 1571 iu
599 1533 631 1571 re
644 1515 768 1572 militari
784 1514 943 1591 institutis,
965 1515 1122 1574 luxurioso
1136 1517 1200 1573 rite
1219 1522 1262 1588 et,

169 1615 427 1700 quemadmodum
442 1616 582 1675 Zosimus
609 1615 761 1696 opinatur,
774 1649 778 1657 ·
792 1615 948 1694 religiono
967 1619 1116 1676 maiorum
1140 1613 1265 1675 edicet

170 1719 358 1781 christianae
376 1715 490 1793 studio,
506 1715 547 1798 ⁴)
569 1737 687 1778 euenor
705 1719 825 1798 imperii
844 1719 942 1777 factau
958 1721 1026 1778 sst.'
1057 1729 1215 1798 peccatum
1228 1717 1262 1774 iu
1279 1739 1307 1796 p.
1326 1732 1384 1774 xxv

169 1825 297 1899 militia,
322 1817 404 1903 quod
425 1820 583 1898 magistros
603 1821 733 1881 rnilitum
753 1821 868 1881 enavit
883 1821 1006 1902 quinos,
1027 1831 1059 1881 et
1080 1821 1263 1899 ceterosqoi

170 1925 267 2005 copiis
290 1933 477 2003 praeessent,
497 1921 662 2000 praefectos
682 1925 815 1999 alarum,
838 1921 929 1983 duces
946 1921 1267 1984 tarmsrnmettribu-

168 2045 226 2086 nos
248 2045 374 2084 numero
395 2023 465 2104 plus
490 2043 582 2105 quam
603 2023 695 2106 duplo
718 2026 817 2104 auxit,
839 2044 900 2108 quc
919 2027 1094 2086 factumest
1109 2037 1144 2085 nt
1160 2046 1265 2084 comm

169 2127 294 2189 avaritia
308 2145 489 2208 magnopere
501 2139 683 2190 vexarentur
694 2127 823 2204 milites,
843 2127 951 2188 bande
962 2131 1118 2190 subtractis
1133 2131 1171 2187 iis
1186 2147 1266 2208 quae

169 2253 212 2292 ex
232 2232 304 2292 fisco
324 2230 552 2312 praebebantur.
569 2229 607 2310 ὓ)
626 2277 629 2284 .
648 2251 697 2292 res
720 2236 823 2290 antean
842 2234 980 2292 maxime
996 2233 1042 2291 rei
1056 2231 1180 2290 militari
1195 2231 1267 2288 exi-

170 2337 247 2396 tiosa
259 2335 318 2394 fuit
331 2333 524 2394 barbarorum
539 2335 646 2413 iugens
660 2332 839 2410 multitudo,
861 2354 954 2416 quam
968 2331 1159 2396 Theodosias
1174 2334 1266 2412 longe

168 2437 447 2497 numerosissimam
467 2437 547 2496 alere
562 2433 651 2518 atque
668 2435 823 2516 legionum
841 2435 1010 2498 adscribere
1027 2435 1162 2497 numeris
1175 2437 1267 2494 iesti-

170 2539 237 2598 tuit.
278 2549 363 2598 tanta
385 2537 444 2596 fuit
464 2557 569 2598 eorum
583 2538 745 2598 multitudo
764 2551 799 2600 ut
814 2542 961 2600 Romanis
975 2557 1101 2599 nurnero
1114 2538 1266 2618 pauciori-

169 2641 228 2700 bus
246 2641 369 2700 iniicere
387 2649 503 2700 mettun
519 2641 608 2701 atrei
622 2641 760 2721 publicae
776 2645 1025 2725 tranquillitatem
1039 2635 1159 2702 turbare
1174 2640 1266 2698 facile

169 2753 303 2825 possent.
320 2741 361 2822 ⁰)
400 2743 565 2803 militantes
586 2741 667 2823 apud
688 2745 841 2805 Romanos
859 2746 995 2822 barbari,
1016 2756 1070 2804 aut
1086 2764 1126 2804 ex
1140 2743 1267 2822 captivis

171 2856 224 2905 aut
241 2863 283 2906 ex
301 2843 437 2905 hostibus
459 2843 580 2921 adsciti,
608 2846 738 2925 corrupti
759 2848 884 2927 insuper
900 2866 1019 2908 mona
1032 2867 1069 2907 ac
1080 2846 1266 2920 muneribus,

170 2949 281 3031 quibus
304 2946 492 3007 donabantur
509 2963 600 3027 supro
621 2947 734 3007 milites
751 2951 899 3031 reliquos,
919 2950 1077 3011 solutiores
1089 2935 1268 3008 insolentio-

169 3049 277 3134 resq'ue
296 3062 397 3127 eraut3
413 3049 454 3132 ⁷)
475 3059 628 3132 praeterea
644 3048 740 3110 habiti
754 3063 825 3111 sunt
837 3051 914 3111 adeo
928 3053 1118 3131 negligenter
1131 3062 1183 3127 nt,
1203 3053 1267 3110 mi·

171 3155 260 3214 litum
280 3151 478 3232 descriptione
500 3153 585 3212 nulla
605 3155 703 3231 facta,
725 3155 763 3214 iis
784 3152 931 3214 redeundi
946 3153 985 3213 ed
999 3173 1071 3214 snos
1084 3165 1132 3231 et,
1153 3157 1180 3213 si
1191 3154 1266 3233 ipsis

169 3257 312 3316 militiam
324 3257 423 3314 facere
437 3253 617 3334 displiceret,
636 3257 711 3317 alios
726 3257 782 3317 suc
797 3259 864 3318 lccc
877 3257 1017 3317 mittendi
1032 3259 1117 3339 copia
1129 3257 1222 3315 fieret.
1233 3255 1266 3335 θ)

171 3357 290 3418 barban
307 3361 358 3419 isti
379 3357 458 3417 ntrlli
478 3355 653 3438 disciplinae
669 3362 797 3437 assueti,
819 3361 1060 3437 insolentissimi,
1082 3359 1217 3420 seditiosi
1233 3359 1267 3441 ⁹)

171 3481 208 3522 ac
223 3454 402 3523 dissidentes
416 3479 435 3518 a
448 3463 606 3539 Romanis,
624 3460 684 3542 1⁰)
705 3481 767 3524 non
786 3464 967 3524 verebantur
985 3483 1057 3523 cum
1072 3463 1268 3544 popularibus

170 3583 261 3645 agros
278 3565 444 3625 colentibus
458 3567 609 3626 Romanos
624 3569 810 3648 conspirare,
828 3567 889 3648 n)
911 3577 942 3627 et
960 3567 1013 3626 ubl
1030 3568 1112 3626 nacti
1130 3569 1165 3624 in
1185 3567 1268 3645 regia

169 3683 306 3729 summos
323 3667 453 3729 honores
473 3680 588 3746 essent,
614 3671 774 3746 Romanis,
803 3668 913 3751 quibus
932 3690 965 3731 se
984 3681 1136 3750 praestare
1157 3671 1269 3729 vinata

170 3773 342 3849 cernebant,
364 3767 512 3853 despectis
524 3771 671 3832 tumultun
684 3792 720 3832 ac
729 3773 831 3832 turbas
844 3774 933 3852 ciere.
950 3767 1003 3853 ¹²)
1044 3773 1146 3855 itaque
1159 3770 1269 3830 huius-

169 3873 255 3933 snocli
266 3872 447 3954 hominibus,
463 3879 517 3962 qui
528 3877 671 3938 Romanis
684 3897 747 3938 non
761 3873 912 3959 praesidio
924 3872 981 3936 sed
993 3873 1172 3936 detrimento
1184 3882 1268 3932 eraut

170 4017 379 4039 Ιῌ-μ-ι-ι-ι-

170 4163 204 4234 4)
220 4094 322 4220 429³
343 4093 593 4236 mimium
632 4096 665 4165 ε)
694 4094 797 4236 aaa&
817 4164 836 4220 4
856 4165 892 4221 m
933 4095 966 4166 e)
992 4089 1278 4232 ³‚Q7J⁶4³'39⁴3³i

168 4233 386 4373 iiiito
493 4233 584 4372 Ὗ)
616 4231 795 4364 missor
864 4237 898 4305 ⁹)
930 4233 1034 4374 *anmi
1054 4233 1273 4360 ⁵22³?st
