3025 4892
266 275 336 330 m
676 255 952 330 nummum

265 445 407 506 saltatum
425 436 566 522 deinaeps
579 439 716 504 enatem
729 427 847 504 sentim
859 441 946 518 lesit,
967 437 1051 524 quad
1068 459 1179 523 parmn
1189 436 1230 504 da
1240 441 1363 526 imperii

266 549 426 610 securitate
445 545 590 606 sollicitus
608 545 739 621 milites,
767 545 878 627 quibus
894 545 1054 604 oommissa
1070 545 1177 604 finium
1195 566 1267 606 aura
1287 559 1361 624 erat,

264 659 404 710 aroaatos
417 667 473 728 per
485 645 771 710 mediterraneam
782 648 1003 728 provintiarum
1013 645 1103 707 urinas
1116 645 1321 729 dissipaverat.
1330 649 1362 730 ¹)

263 770 337 816 nam
358 755 416 811 ista
437 750 625 831 imperaturis
645 749 847 831 imprudentia
866 769 929 810 uon
948 747 1040 811 modo
1056 749 1191 809 barbaris
1207 753 1361 814 liberiores

263 875 320 936 per
337 855 449 916 limites
470 850 619 931 praesidio
635 849 733 914 nudos
748 853 940 912 exnarsioues
954 863 1054 928 erant,
1074 845 1130 911 sed
1144 851 1256 914 milites
1268 856 1360 914 etiam

263 958 401 1033 urbium,
424 975 499 1038 quas
510 951 646 1014 custodia
656 955 741 1014 nulla
753 964 878 1034 egentes
888 952 1072 1032 insidebant,
1093 950 1210 1016 deitatis
1223 966 1254 1016 et
1265 958 1360 1016 luxu·

262 1059 316 1120 riis
332 1059 418 1116 fracti
436 1077 454 1115 a
471 1055 647 1136 disciplinae
663 1057 821 1119 severitate
845 1055 1060 1117 destituebant.
1100 1058 1232 1119 militum
1255 1077 1360 1118 eorru-

189 1201 194 1208 -
261 1160 353 1240 ptelis
375 1169 406 1218 et
426 1158 565 1219 licentiae
587 1159 800 1220 Constantinus
819 1160 880 1220 alio
898 1158 989 1218 etiam
1005 1158 1141 1220 instituto
1158 1160 1361 1220 aooessionem

262 1261 378 1337 attulit,
403 1281 481 1320 'oum
504 1280 630 1322 numero
651 1261 871 1341 praefectorum
889 1259 1032 1341 praetorii
1056 1272 1143 1325 auato
1164 1272 1195 1326 et
1212 1271 1360 1342 potestate

262 1383 365 1426 aarum
382 1373 413 1423 et
430 1364 566 1424 urium
590 1375 620 1428 et
640 1365 834 1440 militarium,
860 1381 938 1446 quaa
961 1373 1050 1423 antee
1070 1363 1208 1444 oopulsta
1221 1367 1255 1424 in
1269 1367 1360 1424 unius

262 1468 455 1546 magistratus
475 1483 569 1526 manu
587 1466 700 1542 fuerat,
724 1469 804 1526 inter
821 1467 924 1546 plures
943 1463 1041 1526 divisa
1060 1476 1091 1525 et
1109 1465 1285 1543 immimtta,
1307 1469 1360 1526 in·

260 1587 354 1648 super
374 1568 534 1648 praefertis
559 1571 705 1649 praetorio
725 1569 760 1628 in
774 1569 888 1628 milites
909 1568 960 1628 ius
977 1586 1013 1628 au
1030 1577 1211 1647 potestatem
1234 1566 1361 1632 ademit.

262 1689 401 1744 natutae
431 1671 545 1731 fautum
562 1681 663 1731 estut
683 1672 798 1733 milites
818 1667 1048 1731 reformidantes
1070 1681 1158 1730 antea
1180 1669 1361 1750 praefectos,

261 1769 346 1854 quod
365 1769 399 1831 hi
422 1771 572 1852 stipendio
587 1790 648 1833 non
661 1771 731 1833 dato
743 1774 851 1855 punire
865 1793 917 1833 eos
931 1792 967 1833 ao
979 1793 1113 1834 noeroere
1126 1782 1279 1853 poterant,
1300 1794 1360 1854 po-

261 1877 321 1946 sito
340 1885 425 1934 metu
445 1876 541 1934 solute
555 1885 585 1934 et
599 1876 725 1936 licenter
735 1885 870 1954 agerent.
883 1875 922 1956 ²)
963 1875 1052 1936 siauti
1069 1886 1171 1936 autem
1187 1875 1359 1936 coustanti-

260 1994 320 2038 uus
335 1977 445 2036 afflicta
460 1997 492 2034 ra
506 1977 629 2036 militari
642 1977 675 2036 iu
688 1997 842 2038 summum
853 1978 1083 2057 rempublicam
1095 1974 1359 2060 adduxeratperi·

260 2080 381 2155 ardum,
402 2081 446 2138 ita
466 2077 585 2138 tributis
606 2079 748 2156 gravibus
771 2089 802 2138 et
824 2077 865 2138 ad
887 2079 1023 2138 omnium
1040 2077 1182 2140 ordinum
1199 2082 1357 2162 amnisque

259 2201 354 2248 sexus
371 2181 543 2242 molestiam
562 2180 693 2241 inventis
714 2201 826 2243 vexare
849 2183 1019 2262 provincias
1048 2184 1162 2262 eoepit,
1189 2201 1268 2264 qnae
1290 2183 1358 2244 fissi

258 2285 398 2362 lieentia,
432 2283 625 2344 exactionum
646 2285 822 2361 acerbitate,
849 2285 1080 2363 magistratuum
1100 2285 1225 2346 avaritia
1249 2287 1357 2367 opibus

121 2411 151 2466 p.
169 2407 240 2450 mr
258 2389 432 2450 exinanitae
455 2384 496 2446 ud
518 2397 688 2448 extremam
705 2388 842 2467 inopiam
862 2385 999 2476 redactae
1019 2397 1100 2446 suut.
1115 2385 1156 2468 ⁸)
1203 2385 1290 2448 addit
1307 2386 1360 2450 lais

255 2491 397 2551 Zosimus
418 2487 541 2550 tandem
563 2485 622 2548 hoo
642 2507 781 2572 quoque,
809 2487 892 2570 quod
908 2490 1071 2569 imperator
1090 2485 1254 2548 deserendo
1271 2509 1357 2551 saara

254 2595 421 2667 maiorum,
451 2611 507 2674 per
533 2610 627 2673 quae,
656 2602 691 2652 ut
713 2594 853 2653 Zosimus
876 2611 918 2651 ex
938 2609 1125 2672 paganorum
1144 2591 1356 2673 superstitione

255 2689 363 2771 tenth,
385 2694 466 2754 salue
486 2704 516 2754 et
532 2693 653 2754 somma
671 2695 791 2776 imperii
805 2714 860 2776 per
873 2703 918 2754 tot
931 2693 1051 2753 saeosda
1063 2701 1201 2772 steterat,
1218 2692 1258 2778 ⁴)
1279 2693 1356 2757 ado-

254 2793 429 2878 ptandoque
453 2795 690 2858 Christianorum
713 2799 905 2878 religionem,
927 2791 1039 2879 ἄλογον
1058 2793 1298 2879 συγκατάθεσιν,
1314 2797 1357 2880 ⁸)

256 2895 383 2958 deorum
398 2899 525 2960 tutelam
540 2920 557 2959 e
571 2901 715 2960 Romania
728 2899 919 2960 abalienavit.
936 2898 968 2979 θ)
1011 2901 1121 2960 omissa
1136 2917 1218 2960 nuno
1231 2911 1283 2960 aut
1294 2902 1356 2960 im-

255 3004 444 3081 pugnatione
461 3011 515 3061 ant
532 3006 726 3064 excusatione
747 3000 837 3062 huius
855 3001 1021 3083 opinionis,
1032 3001 1078 3059 id
1096 3011 1214 3060 tantum
1231 3021 1356 3062 mouere

256 3103 362 3180 liceat,
393 3102 565 3180 zosimum,
594 3105 650 3163 atsi
673 3125 735 3164 non
759 3107 898 3179 omnino,
920 3121 998 3184 quae
1018 3121 1059 3160 ex
1077 3101 1231 3181 religionis
1246 3120 1354 3182 norae,

256 3208 358 3288 qualis
384 3218 451 3266 tum
474 3217 552 3281 erat,
575 3203 705 3266 sdaoitae
727 3209 829 3286 pruris
844 3207 990 3265 institutis
1009 3202 1049 3263 sd
1067 3205 1221 3266 Romanos
1240 3203 1355 3264 redun-

255 3305 343 3371 dasse
358 3309 439 3366 mala
453 3309 652 3366 recentiorum
665 3308 819 3367 nonnullis
832 3305 989 3384 ridentur,
1010 3303 1219 3367 animadversa
1234 3305 1353 3368 habue-

253 3411 310 3483 rit,
332 3410 469 3468 instituta
483 3419 586 3468 tamen
599 3408 833 3488 monachorum,
853 3423 887 3471 ut
896 3414 941 3472 rei
953 3409 1092 3492 publiuae
1108 3410 1237 3470 exitiosa
1250 3422 1282 3471 et
1295 3431 1354 3470 ne·

252 3529 311 3602 que
337 3507 377 3568 ad
400 3509 539 3572 militiam
563 3495 662 3596 neque
684 3510 723 3572 ad
745 3497 837 3572 aliam
855 3531 920 3573 rem
940 3514 1043 3590 utilia,
1065 3509 1105 3572 nd
1124 3509 1263 3574 homiues
1279 3532 1351 3576 raro

252 3611 360 3692 apibus
374 3615 496 3692 piatatis
505 3619 605 3698 specie
619 3614 794 3698 spoliandos
806 3618 924 3697 egregie
938 3620 1060 3676 inventa
1072 3615 1242 3696 improbare
1258 3627 1289 3676 et
1301 3637 1352 3676 re-

250 3711 448 3794 prehendere.
463 3717 500 3795 7)
544 3718 626 3800 quod
638 3739 710 3780 raro
724 3721 818 3799 uulgo
831 3718 973 3795 credunt,
998 3720 1152 3798 religionis
1165 3716 1351 3779 Christianae

252 3828 411 3904 praecepta
432 3822 562 3888 valuisse
583 3819 623 3884 ad
644 3821 845 3884 debilitandos
864 3824 998 3884 militum
1017 3823 1134 3884 animas
1147 3823 1350 3903 timoremque

265 4019 270 4026 “
318 4039 348 4110 1)
363 4042 391 4110 „a
405 4037 449 4098 et.
586 4005 714 4116 areae.
861 4041 894 4115 a)
916 4001 997 4097 aas.
1138 4037 1348 4124 ‘osseas

249 4108 281 4176 5)
295 4107 313 4190 4
329 4110 371 4166 59.
523 4107 554 4176 6)
572 4110 607 4162 oi.
623 4107 642 4162 4
659 4109 693 4163 33
712 4113 739 4162 et
755 4100 799 4166 at.
878 4170 884 4188 ι
952 4113 984 4179 7)
1001 4109 1018 4164 6
1033 4109 1084 4196 ti,
1102 4109 1149 4186 “bl
1164 4107 1296 4192 praeclare
1313 4115 1351 4162 ut

247 4177 365 4230 Zosimus
383 4178 519 4232 ametor
537 4177 584 4232 sul
600 4185 752 4248 prosim,
777 4178 856 4251 prust
873 4197 931 4234 enea
942 4183 1101 4250 pauperatae
1114 4195 1164 4234 ras
1177 4195 1266 4233 anate
1278 4194 1349 4231 eon-

247 4249 1082 4324 autam,ouaaetpsopertoteaestuoptmestgaee
