3025 4892
210 373 213 385 .
231 307 308 382 362
643 306 922 379 numanum

230 479 336 538 tributi
346 474 576 538 Constantinum
588 474 735 557 prodens,
759 479 830 558 quia
842 479 903 537 iam
918 477 1022 538 Severi
1035 475 1223 556 imperatoris
1238 485 1336 534 aetate

230 563 311 624 illud
333 565 471 623 occnmit.
514 561 590 644 qnid
608 565 701 642 igitur
721 565 780 622 fuit
802 561 884 644 qnod
905 567 1062 623 innovaret
1078 563 1287 622 Constantinus
1302 563 1336 619 in

230 651 411 709 tributorum
432 646 569 708 rational
612 650 714 708 forsan
735 652 832 708 maior
855 653 919 710 eius
939 650 998 708 fuit
1012 652 1045 707 in
1059 651 1097 707 iis
1114 645 1270 726 exigendis
1286 667 1338 706 se-

232 739 353 809 veritas,
375 745 405 793 et
418 737 498 793 cives
513 735 633 812 gravius
646 753 739 815 quam
752 749 886 816 unquam
900 745 987 794 antea
1000 735 1104 792 vexati
1117 745 1196 792 sunt.
1228 735 1339 792 saltem

234 821 381 880 Libanins
403 819 468 898 (or.
485 830 587 878 contra
599 823 807 880 Florentinum
821 839 852 900 p.
867 819 950 899 427)
972 819 1043 879 linio
1061 822 1196 899 opinioni
1207 821 1339 898 patroci-

235 917 335 966 natur.
378 904 512 987 λεγέσθω
535 906 641 968 τοίνυν
662 906 715 969 ιιαλ
732 903 769 970 τό
788 898 881 969 τᾶλλα
895 901 996 968 πάντα
1008 899 1180 984 νενικηκός·
1201 909 1290 967 τοῦτο
1304 889 1340 965 δ’

128 1025 134 1037 ·
234 991 317 1056 έστλν
334 989 354 1054 ό
371 984 528 1071 ἆφόρητος
542 984 650 1069 φόρος,
672 987 804 1074 ι’ίργνρος
822 991 873 1054 παλ
895 987 1023 1071 χρυσός,
1045 992 1180 1072 φρίττειν
1192 981 1341 1070 προσιοιί·

238 1095 295 1151 σοις
315 1081 414 1139 ποιῶν
436 1071 491 1149 τός
511 1073 614 1150 δεινός
628 1078 819 1158 πεντηρίδας.
862 1071 959 1157 ὄνομα
974 1074 1100 1158 μὲνγὰρ
1117 1069 1262 1156 εὐπρεπὲς
1277 1068 1340 1138 ino·

237 1166 304 1225 τοῖν
316 1157 456 1243 ἐμπόρων
467 1164 512 1246 τῷ
525 1155 613 1246 πόρω
626 1155 733 1247 τοότηι,
754 1167 795 1250 τῇ
807 1158 942 1248 &citing
957 1161 990 1225 δὲ
1005 1162 1129 1226 έτείνων
1143 1163 1186 1236 είς
1200 1155 1341 1222 διάδοσιν

237 1247 416 1330 χρωμένων,
438 1240 486 1319 οἷς
504 1241 587 1325 μόλις
607 1243 702 1329 ἅρτοο
725 1249 952 1332 προσφέρουσιν
967 1247 1002 1310 ci
1014 1255 1122 1330 χεῖρες,
1145 1239 1341 1322 ἀπόλλυνται,

239 1331 399 1414 διαφεύγει
414 1327 448 1394 δέ
462 1325 535 1393 ccidi
550 1329 751 1413 νινροροίφος,
774 1330 829 1408 viic
841 1329 899 1416 έγιδ
912 1330 1056 1406 πολλιίιτις
1069 1329 1150 1395 elion
1162 1327 1218 1411 την
1231 1333 1341 1414 σμίλην

239 1420 283 1493 τίς
307 1413 443 1500 ον’ρανδν
462 1417 617 1499 αἴροντας,
640 1413 789 1498 όγινόντας
810 1416 866 1500 μὲν
888 1418 921 1481 ἐν
941 1421 981 1503 τῇ
1003 1413 1131 1504 oriniaci
1147 1411 1342 1479 nictatione

239 1505 362 1582 σφίσιν·
389 1496 429 1566 cai
449 1499 511 1583 μην
532 1499 623 1566 τοῦτό
644 1525 678 1587 γι
699 1499 814 1580 ον’τοδς
838 1500 1013 1567 α’πδλλιίτττι
1034 1509 1095 1566 τοῖν
1114 1501 1270 1585 ίγιιωμίιν
1288 1499 1342 1563 zai

237 1585 452 1650 ὑλακτούντων
469 1586 522 1650 παλ
538 1585 636 1667 μόνον
652 1583 691 1652 ori
705 1585 873 1653 δακόντων.
917 1581 1007 1664 οὗτος
1022 1587 1042 1652 ὅ
1056 1585 1161 1669 καιρός
1176 1591 1269 1651 πλείω
1284 1583 1343 1665 τήν

238 1675 380 1738 δονλείαν
397 1675 581 1750 καθίστησιν
587 1719 596 1751 ,
619 1671 775 1750 ίιτβοίλλων
797 1675 973 1754 ἐλευθερίας
990 1671 1062 1748 τούς
1076 1671 1139 1737 dod
1153 1679 1213 1735 τῶν
1225 1671 1342 1755 γονέων

237 1759 462 1838 πωλουμένους,
486 1753 545 1840 caiz
556 1761 609 1823 ἵνα
622 1755 725 1834 αὐτοῖς
740 1760 861 1840 δέξηται
873 1757 929 1840 τὴν
942 1757 1033 1839 τιμήν
1049 1757 1083 1822 τό
1097 1754 1250 1839 λιιβοίτιον,
1272 1749 1342 1820 ἀλλ’

237 1845 292 1909 ἵνα
304 1839 401 1924 πότην
414 1845 522 1906 ίδωσιν
536 1847 579 1920 τίς
593 1843 648 1922 την
661 1851 718 1908 τοῦ
730 1848 958 1926 κατεπείγοντος
970 1841 1072 1920 δεξιόν
1085 1843 1258 1924 ἐρχομένην.

322 1951 354 2010 p-
370 1930 430 1994 105
445 1949 475 1988 v.
494 1935 525 1992 2.
559 1932 653 2009 stallis
667 1941 730 1990 erat
743 1934 794 1991 val
809 1953 927 1991 summa
942 1940 971 1990 at
985 1931 1120 1990 collectio
1133 1933 1278 2009 pecuniae
1293 1925 1345 1986 vel

238 2025 319 2075 certa
341 2017 443 2094 aliqua
462 2019 591 2094 pecnnia
615 2020 786 2075 constituta.
820 2017 915 2096 follis
937 2017 1059 2075 maioris
1077 2019 1173 2094 proni
1195 2013 1345 2095 aequabat

238 2111 299 2160 tres
315 2101 408 2158 libras
421 2111 452 2156 et
464 2103 573 2175 semis,
595 2103 697 2160 minus
712 2100 830 2161 duobus
851 2101 981 2162 denariis
998 2103 1130 2180 argenti,
1152 2101 1202 2158 vel
1219 2100 1278 2181 173
1292 2118 1345 2157 so-

237 2184 338 2259 lidos3
352 2185 445 2265 stallis
459 2187 584 2244 nonoris
596 2189 693 2264 pretii
705 2185 978 2265 comprehendebat
998 2197 1058 2246 tres
1078 2205 1237 2260 nummos,
1251 2184 1346 2264 stallis

170 2319 177 2332 l
239 2273 361 2328 matrimi
369 2271 462 2348 pretii
476 2266 537 2329 duo
549 2273 667 2330 minuta
680 2268 806 2330 denarii.
836 2272 899 2333 vid.
915 2267 1346 2350 namn.snna1.t.3p·2t5.

239 2358 280 2417 cf.
294 2359 412 2416 Cornua.
426 2353 466 2414 ad
479 2355 503 2414 1.
516 2355 537 2420 δ
551 2377 579 2415 c.
593 2355 656 2416 Tb.
671 2355 710 2416 de
723 2369 856 2438 praetor.

432 2559 484 2619 vr.
528 2557 806 2622 consmnrms
828 2559 870 2645 (1.
892 2565 913 2628 a
934 2581 960 2620 ο.
982 2556 1151 2639 39-55).

290 2765 297 2782 x
324 2689 412 2752 Idem
431 2704 535 2753 auctor
556 2707 587 2754 et
610 2693 693 2772 dux,
716 2699 769 2777 qui
794 2698 827 2754 in
850 2700 912 2756 vita
935 2696 1138 2769 Constantini,
1160 2691 1211 2752 hic
1229 2689 1346 2750 Zosimi

240 2779 310 2838 fnit.
353 2781 387 2836 in
399 2781 608 2859 scriptoribus,
626 2784 679 2864 qni
692 2801 740 2840 res
752 2784 918 2841 Constantii
932 2801 1001 2840 cum
1013 2783 1134 2839 ZosImo
1147 2775 1345 2850 tradiderant,

242 2875 375 2944 praestat
385 2868 563 2926 Ammianus
577 2871 762 2926 auctoritate.
784 2867 922 2926 laborant
934 2871 966 2925 in
980 2864 1037 2924 hac
1050 2877 1134 2946 parte
1145 2883 1242 2943 pauca
1254 2859 1345 2919 modo

242 2951 310 3008 loca
332 2960 384 3008 aut
407 2953 506 3010 malae
531 2951 602 3010 fidei
625 2955 795 3032 suspicione
819 2963 869 3010 aut
894 2956 1022 3011 omissae
1048 2951 1223 3028 diligentiae
1246 2949 1345 3019 vitiis3

244 3038 359 3093 eminet
371 3055 443 3114 prae
459 3040 565 3096 ceteris
578 3039 772 3117 scriptoribus
787 3037 934 3096 industria
948 3049 977 3096 et
994 3055 1063 3095 cura
1079 3037 1193 3094 Zosimi
1209 3037 1241 3091 in
1258 3032 1346 3090 rebus

242 3122 412 3198 Magnentii
423 3121 593 3198 tradendis,
615 3143 707 3204 quaa,
730 3126 757 3182 ai
771 3123 876 3181 ultima
887 3125 1035 3203 excipias,
1059 3123 1213 3202 aliquanto
1225 3117 1346 3204 uberius

242 3221 337 3286 quam
351 3207 460 3287 reliqui
472 3212 632 3288 scriptores
645 3209 803 3287 explicuit.

327 3310 359 3369 p·
375 3292 545 3355 106v.1s.
588 3294 698 3374 quibus
713 3305 782 3351 ante
796 3293 957 3372 provinciis
971 3291 1142 3371 praefuerat
1157 3286 1346 3349 Constantius

243 3372 390 3449 Chlorus,
412 3395 466 3434 eae
487 3377 681 3436 Constantino
700 3380 887 3458 obtigerunt,
910 3379 1008 3435 Galba
1022 3379 1168 3456 Hispania
1183 3385 1212 3432 et
1226 3375 1346 3430 Britan-

243 3461 295 3516 nia
317 3457 447 3538 (Victor.
466 3481 514 3538 ep.
529 3461 609 3541 41),
633 3465 806 3522 Constantio
832 3467 953 3536 Oriens,
975 3460 1008 3521 id
1034 3472 1095 3534 est,
1116 3463 1190 3518 Asia
1209 3459 1297 3537 Syria
1316 3460 1347 3512 et

242 3547 400 3623 Aegyptus
422 3544 556 3625 (Euseb.
578 3549 732 3606 Constanta
756 3549 777 3611 4
799 3550 859 3622 51,
883 3551 1000 3626 Eunap.
1019 3543 1169 3624 Aedes),
1193 3541 1346 3602 Constanti

242 3630 397 3706 Illyricum
412 3633 499 3688 ltalia
513 3643 544 3690 et
556 3634 659 3691 Africa
680 3634 814 3713 (Euseb.
838 3635 860 3692 1.
885 3653 911 3692 ο.
934 3633 974 3692 cf.
990 3635 1143 3692 Constant.
1159 3627 1346 3708 Porphyrog.

242 3712 356 3775 Tbem.
370 3715 457 3778 nun
473 3715 568 3775 them.
584 3717 633 3797 9).

326 3798 369 3858 ib.
388 3821 418 3859 v.
437 3803 488 3865 17.
531 3798 723 3885 Καρχηδόνα.
767 3801 830 3863 vid.
853 3803 970 3864 Corum.
994 3802 1017 3860 l.
1036 3803 1076 3866 18
1099 3819 1124 3859 c.
1140 3796 1203 3860 Th.
1222 3796 1259 3856 de
1277 3797 1347 3856 bon.

244 3901 360 3965 praesc.
403 3887 514 3946 Ritter.

318 3970 370 4030 'ila
389 3991 419 4030 τ.
436 3974 487 4034 19.
530 3969 570 4030 ad
588 3974 658 4031 Iulii
680 3973 840 4046 Dalmatii,
862 3973 916 4052 qni
937 3988 1016 4030 anno
1037 3967 1099 4034 335
1123 3969 1233 4028 Caesar
1252 3963 1348 4023 dietus

248 4064 327 4128 erat,
357 4059 519 4134 imperinm
541 4059 710 4136 pertinebat
729 4055 863 4116 Thracia
885 4077 954 4114 cum
974 4065 1058 4136 parte
1078 4055 1207 4132 Illyrici,
1236 4051 1350 4108 scilicet

246 4138 425 4198 Macedonia
437 4153 468 4200 et
480 4141 596 4202 Achaia
618 4143 791 4222 (anonym.
810 4143 908 4202 Vales.
927 4143 966 4200 cf.
979 4145 1157 4218 Prosopogr.
1173 4133 1239 4196 cod.
1255 4132 1349 4212 Tb).

247 4225 343 4283 lulius
368 4225 576 4302 Constantius,
598 4230 788 4287 Constantini
807 4229 912 4306 magni
930 4229 1038 4299 frater,
1059 4245 1121 4282 non
1141 4223 1301 4302 provinciis
1320 4228 1351 4277 et

245 4309 391 4390 imperio,
413 4309 469 4373 sad
482 4311 628 4393 dignitate
640 4315 759 4394 patricii
773 4323 804 4372 et
816 4311 997 4374 nobilissimi
1010 4319 1074 4370 erat
1087 4317 1218 4368 ornatus.
