3025 4892
262 307 346 382 360
669 305 947 374 REITEllElERI

261 495 295 534 ra
316 474 406 532 milit.
428 474 448 534 7
471 473 495 530 l.
514 473 554 536 18
577 472 625 530 tit.
646 477 687 548 1,·
703 483 733 531 et
746 476 766 536 8
779 474 800 530 l.
817 475 857 536 10
871 474 917 530 tit.
933 476 964 538 1.
1007 471 1134 530 alteram
1154 489 1224 530 vero
1246 469 1361 529 Zosimi

253 559 500 642 querimoniam,
521 559 634 616 milites
657 579 675 634 a
698 559 847 617 limitibus
872 556 1013 616 deductos
1034 558 1175 630 urbibus,
1196 559 1228 614 in
1253 558 1363 636 quibus

263 655 381 716 esseut,
402 644 546 701 molestos
565 645 658 702 fuisse
673 656 704 702 et
718 643 910 721 disciplinam
925 645 984 701 otio
999 653 1029 700 et
1042 643 1163 700 luxuria
1183 653 1362 719 surruptum,

262 732 408 788 libanius
429 727 539 805 (assid-
559 750 590 808 p.
611 729 690 808 108)
712 731 887 788 confirmare
908 727 1042 803 videtur,
1065 730 1117 806 qui
1140 729 1253 786 milites
1271 725 1363 784 tradit

262 817 295 876 in
313 816 438 873 urbibus
454 825 485 871 et
501 818 581 892 agris
596 811 738 874 dissolute
753 818 879 872 vixisse.
922 825 1051 893 quantae
1074 814 1186 870 fuerint
1210 814 1365 890 copiarum

262 903 466 959 Romanarum
478 899 533 957 sub
548 901 733 957 Constantini
746 901 816 958 liliis
834 899 1028 978 corruptelae,
1050 901 1134 956 testis
1148 900 1282 954 maxime
1293 896 1365 954 ido-

262 1005 338 1044 neus
352 984 439 1043 dooet
454 988 632 1043 Ammianus
648 989 691 1049 22
711 985 749 1048 4:
773 984 882 1063 quibus
895 996 958 1042 tam
969 984 1129 1042 maculosis
1142 1003 1289 1040 accessere
1292 983 1366 1058 fla-

259 1074 340 1150 gitta
354 1070 533 1147 disciplinae
544 1073 716 1140 castrorum,
737 1091 807 1128 cum
820 1071 906 1128 miles
920 1070 1087 1129 cantilenas
1100 1069 1293 1126 meditaretur
1302 1087 1365 1144 pro

261 1155 356 1214 iubilo
378 1155 540 1224 molliores,
562 1166 591 1211 et
607 1176 667 1212 non
682 1177 790 1214 saxum
805 1168 882 1224 erat,
904 1167 937 1214 ut
954 1155 1095 1224 antebac,
1117 1165 1234 1214 arnialo
1251 1153 1363 1222 cubile,

261 1241 363 1298 secll
323 1263 347 1318 p
362 1263 434 1298 uma
447 1241 597 1317 etflexiles
610 1240 703 1298 lectul
702 1243 752 1298 iet
763 1243 909 1320 grattera
924 1241 1039 1319 gladiis
1046 1239 1174 1317 pocula;
1197 1249 1272 1296 testa
1284 1241 1364 1294 eruin

262 1325 387 1384 bibere'
374 1347 437 1382 iarn
443 1325 593 1402 pudebat,
614 1334 643 1382 e't
654 1326 875 1403 quaerebantur
885 1328 972 1384 aecles
987 1345 1183 1395 marnwreae,
1204 1345 1273 1382 oum
1287 1325 1364 1380 stri-

257 1421 349 1490 ptum
363 1414 403 1466 sit
417 1413 452 1468 ιίι
471 1412 634 1490 οιιιιὶμιιίια2
622 1410 702 1470 tibus
718 1397 907 1488 Spartanum
921 1411 1047 1468 militem
1064 1412 1223 1468 coercitum
1239 1412 1363 1478 acriter,

262 1497 346 1576 quod
363 1499 538 1572 procinctus
561 1508 689 1573 tempore
707 1519 801 1555 ausus
821 1499 862 1555 sit
884 1496 980 1554 videri
997 1495 1056 1554 sibi
1077 1495 1132 1554 sub
1159 1506 1244 1553 tecto.
1288 1494 1363 1552 adeo

261 1595 365 1642 autem
375 1581 469 1659 ferox
484 1583 593 1638 eratin
606 1603 676 1639 suos
691 1581 754 1640 illis
769 1583 949 1660 temporibus
963 1582 1048 1642 miles
1061 1592 1089 1640 et
1100 1602 1211 1658 rapax,
1233 1583 1365 1658 ι’,ριιανιισ

262 1688 332 1726 ιἰιο
346 1670 378 1724 in
391 1667 488 1724 hostes
499 1667 667 1744 astrictus,
688 1679 722 1724 ut
730 1689 789 1745 per
801 1668 992 1724 ambitionem
1006 1671 1157 1748 otiumque
1170 1665 1275 1744 opibus
1284 1686 1364 1742 pars·

174 1764 182 1780 '
262 1763 311 1812 tas
332 1756 403 1810 auli
425 1764 454 1809 et
474 1751 650 1829 lapillorum
671 1756 827 1810 varietates
844 1753 1041 1812 discernerent
1055 1755 1256 1810 scientissime.
1300 1751 1367 1820 Va7

260 1837 344 1896 lente
364 1849 508 1916 regnante
530 1857 578 1895 res
596 1839 734 1896 militaris
754 1837 837 1896 ltand
856 1840 980 1898 meliore
1003 1836 1177 1896 condicione
1195 1839 1269 1894 fuit:
1290 1855 1364 1892 nam

261 1921 450 1982 Themistius
472 1923 639 2001 (or-10p
656 1928 715 1987 136
731 1923 780 1982 ed.
796 1922 963 2002 Harduini)
986 1921 1061 1981 bueo
1082 1921 1188 1981 tradit:
1211 1917 1362 2000 (luleus)

262 2012 324 2069 vair
344 2010 502 2116 φρουρίων
519 2032 556 2067 τα
548 2003 625 2087 μὲν
642 2003 837 2092 οἰκοδόμησεν
854 2009 887 2114 lit
904 2012 1027 2088 καινῆς,
1049 2033 1085 2069 τα
1079 2005 1131 2070 li
1146 2002 1288 2085 ἇνέστησε
1306 2029 1363 2066 κα-

260 2094 488 2198 carantaniae,
509 2097 574 2164 τοῖς
594 2090 627 2153 ll
648 2093 821 2194 προσέθηκε
842 2118 875 2155 το
866 2089 1037 2156 ι”ένδέον
1016 2107 1119 2171 νψονς
1136 2089 1191 2170 μὲν
1206 2083 1237 2196 ᾗ
1242 2097 1364 2194 χθαμα-

261 2169 437 2257 λα’τιρον
414 2201 473 2254 ην,
494 2170 610 2276 πάγους
631 2172 700 2238 ὁέ”
682 2201 761 2240 onon
782 2176 891 2242 τούτου
907 2179 1058 2256 προσέδει,
1080 2173 1190 2254 ὕδατος
1207 2173 1240 2238 δὲ
1259 2169 1365 2254 ιῖφθο-

263 2265 334 2325 νέαν
348 2287 369 2341 η
385 2256 479 2344 τιν’τη
494 2257 648 2362 πρότερον
657 2261 795 2337 ἐπιέζετο,
815 2268 939 2344 τροφιῐν
954 2261 986 2326 δὲ
998 2257 1209 2343 θησαυροῦς’
1189 2264 1365 2339 απανταχοιῖ

262 2370 317 2410 και
305 2346 503 2425 λιμένας
463 2371 519 2424 της
529 2341 705 2451 γειτνιώσης
718 2343 876 2453 θαλάσσης
892 2374 943 2412 και
959 2344 1137 2428 ornantium
1149 2347 1180 2410 ἐκ
1195 2343 1363 2426 καταλόγου

262 2431 315 2494 καὶ
332 2454 523 2534 φρουρονς
502 2454 556 2492 τον
575 2426 727 2577 α’ριθμόν
725 2457 763 2496 ον
755 2427 989 2514 ’ψευδομένους
1001 2457 1053 2495 και
1068 2429 1145 2496 b'ntlu
1160 2456 1212 2494 και
1201 2431 1298 2510 Ιβέλη
1311 2427 1365 2492 καὶ

264 2510 480 2625 μηχανήματα,
502 2510 620 2578 ἅπαντα
635 2519 662 2578 εἰ
662 2541 677 2592 ς
692 2542 726 2580 το
720 2515 864 2620 έσγμιιον
881 2518 1076 2623 ἐξητασμένα·
1098 2521 1170 2591 τέως
1185 2515 1240 2599 μὲν
1256 2513 1312 2598 γέιρ
1330 2515 1364 2576 ἐκ

259 2607 316 2679 τῆς
338 2602 407 2706 περὶ
428 2626 483 2675 τας
503 2624 641 2682 φρονρας
665 2598 876 2684 ὄλιγωρησιοις
906 2599 1154 2667 έιιειιιστιύκεσαν
1175 2627 1207 2664 οι
1198 2601 1364 2680 ’πολέμιοι

261 2682 316 2750 ln'
343 2682 447 2760 αυίοῖς
476 2681 607 2764 ιῖτέγνως
631 2694 752 2751 κεῖσθαι
778 2689 830 2751 nul
854 2687 907 2751 τόν
927 2683 1056 2796 πόλεμον
1078 2686 1130 2751 καὶ
1150 2711 1206 2791 την
1226 2685 1363 2790 εἰρήνην,

264 2769 394 2855 ὅροῑνιες
416 2796 488 2877 τμνς
508 2769 565 2851 μὲν
581 2769 765 2881 στρατιώτας
787 2770 824 2836 ον’
845 2771 939 2854 μόνον
952 2769 1119 2850 α’νόιτλονς,
1140 2765 1215 2835 litt
1230 2772 1281 2834 καὶ
1297 2766 1363 2852 αἷμ’-

261 2881 363 2932 τωνας
385 2855 457 2932 τούς
476 2853 609 2931 πολλοὺς
620 2858 673 2921 καὶ
686 2865 751 2932 ταῖς
751 2867 880 2963 ψυγαῖς
895 2860 1022 2932 καὶτοῖς
1037 2855 1152 2938 σώμασι
1169 2879 1363 2920 καταπεπτω-

262 2940 370 3016 κότος,
392 2940 587 3023 φρουράργας
605 2940 639 3006 δέ
655 2943 784 3008 καὶτῶν
800 2941 1003 3050 ἀνδραπόδων
1019 2939 1187 3022 καπήλους,
1211 2937 1257 3016 οἷς
1274 2947 1361 3005 τοῦτο

262 3021 361 3131 μόνον
380 3027 466 3108 ἔργον
489 3026 680 3110 προσέκειτο,
701 3035 824 3092 πλεῖστα
838 3029 893 3109 μὲν
909 3024 1105 3110 ω’νήσασθαι,
1127 3033 1249 3091 πλεῖστα
1264 3025 1297 3090 tt
1310 3025 1363 3089 nal

263 3107 493 3214 σῖιιιμιιοιησαι,
519 3116 580 3176 τῶν
602 3118 748 3190 φυλακῶν
769 3113 802 3178 ll
824 3112 1070 3180 ἐλαττοῦσθαι
1036 3139 1090 3177 τον
1103 3108 1256 3192 οἷριθμόν,
1280 3107 1363 3186 ὅπως

263 3221 304 3258 αν
292 3197 433 3302 γένοιτο
445 3193 604 3279 κέρδος’
564 3207 670 3278 αυτοῖς
682 3199 705 3280 ἠ
717 3198 897 3310 μισθομοριῖ
909 3205 970 3264 τῶν
986 3193 1205 3276 ἐκλειπόντων,
1221 3201 1315 3260 ταῦτα
1330 3194 1363 3260 li

262 3278 300 3344 voi
318 3279 453 3360 φρούρια
467 3280 705 3364 κατιρρνηκόια,
726 3283 826 3368 γυμνᾶ
843 3287 893 3350 καὶ
908 3281 1083 3362 ἀνθρώπων
1096 3282 1146 3345 καὶ
1162 3279 1273 3347 oniae

348 3389 379 3446 p
400 3373 456 3430 101
474 3389 504 3426 ι.
520 3375 549 3432 7
592 3390 654 3428 non
676 3391 752 3445 una,
775 3382 808 3428 ut
827 3374 941 3430 Zosimi
962 3369 1128 3430 ridentur'
1120 3389 1244 3427 innuere
1262 3369 1362 3442 verba,

264 3454 375 3510 Caesar
390 3462 514 3532 uterque
529 3455 625 3512 faetus
643 3467 702 3527 est,
725 3454 779 3514 sed
797 3454 941 3515 decennio
959 3459 1150 3534 interposito,
1175 3456 1365 3512 Constantius

264 3543 379 3601 a.-323
401 3539 465 3596 sive
486 3539 565 3613 324,
588 3542 733 3604 Constans
754 3561 782 3601 a.
805 3546 877 3609 335.
922 3543 960 3602 of.
983 3543 1196 3602 Tillemont.t.
1216 3539 1237 3606 4
1254 3561 1285 3619 p·
1303 3537 1365 3606 645

264 3631 295 3678 et
315 3625 387 3686 657.

348 3727 380 3786 p-
397 3711 456 3772 102
470 3729 500 3766 v.
514 3708 544 3773 5.
588 3709 805 3789 Erythraeam,
828 3713 864 3770 ab
888 3711 960 3770 urbe
981 3708 1130 3790 Phrygiae
1146 3729 1258 3768 nomen
1275 3711 1366 3767 sorti-

266 3803 346 3865 tam,
376 3792 504 3852 eandem
526 3797 619 3855 credit
642 3798 785 3856 Gallaeus
807 3797 869 3878 (ad
896 3799 1013 3856 Oraoul.
1037 3797 1145 3875 Sibyll.
1170 3794 1242 3854 diss.
1266 3799 1280 3856 l
1302 3795 1366 3858 οδ

264 3899 297 3956 p·
316 3877 395 3956 113)
419 3899 488 3938 oum
508 3884 640 3940 Cumana
662 3883 794 3960 Sibylla,
818 3881 966 3942 diversam
988 3893 1088 3942 autem
1103 3902 1120 3938 a
1133 3867 1293 3952 Phanio,
1317 3880 1366 3936 oui

265 3968 423 4040 posteriori
447 3965 646 4046 adstipulatur
666 3969 793 4024 Tzetzes
813 3965 890 4026 Chil.
916 3973 947 4032 9.
997 3971 1024 4026 is
1045 3965 1200 4026 Phalinmn
1222 3965 1365 4044 appellat,

266 4067 358 4146 ιμιιιιιι
371 4051 424 4106 alii
439 4049 566 4116 Φαιννσὶ
581 4066 610 4112 et
626 4054 791 4110 Pausanias
807 4055 976 4130 Φαεννίὁα,
1001 4055 1079 4129 regis
1094 4049 1249 4110 cuiusdam
1264 4047 1367 4106 Chaos·

266 4151 310 4189 ιιιι
302 4133 416 4190 filiam
423 4155 533 4215 ,quae
549 4140 621 4196 olim
633 4136 755 4195 sandica
768 4138 875 4197 fuerat
898 4140 941 4198 Ii.
986 4139 1146 4195 lectionem
1160 4127 1283 4196 (Duellot'
1298 4153 1367 4190 wr-

266 4227 386 4292 ruptum
404 4239 468 4277 esse
483 4219 618 4282 dubitare
632 4243 694 4281 ιιοιι
709 4222 821 4281 licebit.
865 4235 936 4282 nota
954 4225 1025 4280 sotis
1042 4233 1086 4280 est
1102 4217 1244 4296 Φαεννιιέ,
1266 4219 1315 4276 vel
1333 4227 1368 4276 ul

265 4301 445 4378 Pausanias,
477 4308 617 4384 Φαεννίς.
671 4327 712 4367 ex
739 4327 800 4390 qno
827 4309 919 4368 etiam
942 4317 1057 4370 constat
1081 4306 1228 4367 I’liacnno
1253 4306 1369 4363 vixisse
