3025 4892
268 263 345 335 356
681 259 960 329 REITEMEIERI

269 442 354 491 tuere
367 439 470 488 tamen
485 427 637 488 acerbolo
650 427 864 508 imperatorem
880 429 1005 502 iactata,
1027 423 1194 486 secundum
1208 423 1283 486 alias
1298 445 1371 490 cau-

269 538 319 578 sas
335 518 482 595 potiores,
504 533 575 573 eum
587 516 745 594 impellere
759 526 793 572 ut
806 517 898 572 aliam
911 515 968 573 sibi
982 511 1087 572 sedem
1102 523 1269 592 quaereret.
1313 531 1370 570 au-

270 603 351 662 disse
365 621 434 659 euru
447 602 527 658 male
539 599 621 679 apud
634 603 786 660 Romanos
800 602 849 658 vel
865 601 985 658 Libanii
1006 600 1091 656 locus
1113 617 1157 656 or.
1174 600 1190 660 1
1209 619 1240 676 p·
1261 602 1302 662 12
1320 596 1369 656 ed.

269 687 390 746 Metelli
410 684 522 744 iudicio
543 705 609 744 esse
626 695 743 764 potest:
777 681 1030 764 (Constantinus)
1052 678 1223 762 εὐδοκιμῶν
1245 686 1291 766 τῷ
1310 687 1371 744 τοῖν

267 773 421 851 Ῥωμαίων
445 772 546 852 δῆμον
568 769 700 851 ἐνεγκεῖν
720 764 976 853 ἆγροιιιισαὶμενόν
998 793 1027 831 τι
1049 771 1148 850 ῥῆμα·
1179 764 1217 830 sai
1236 765 1291 848 μὲν
1313 765 1371 852 γὰρ

270 851 307 922 tal
319 860 419 920 ποιῶν
431 853 567 938 ἤνεγκεν.

354 961 385 1020 p.
399 943 440 1004 96
455 961 485 998 v.
499 945 530 1004 2.
566 943 593 999 si
606 939 681 999 tides
693 943 827 998 Zonaras
843 948 889 998 est
907 943 943 1002 18
966 945 997 1012 3,
1019 934 1124 997 sedem
1138 955 1225 995 suam
1239 938 1372 1016 impera-

269 1040 318 1088 tor
333 1025 489 1086 Serdicam
503 1027 629 1103 Sigeum
642 1027 693 1085 vel
708 1023 931 1084 chalcedonem
945 1025 1087 1096 facturus,
1110 1025 1237 1100 cognitis
1251 1025 1372 1100 Byzan-

268 1117 305 1172 tii
322 1112 592 1190 opportunitatibus
606 1121 637 1170 et
654 1109 830 1186 commodis,
852 1121 968 1170 mutato
986 1110 1111 1169 consilio
1124 1110 1305 1188 Byzantium
1319 1129 1371 1166 ur-

269 1200 341 1258 bem
355 1201 474 1276 imperii
485 1195 590 1255 sedem
601 1196 683 1256 fecit.

354 1281 396 1340 ib.
411 1303 441 1339 τ.
456 1287 488 1346 3.
531 1279 569 1340 de
584 1285 644 1340 situ
657 1292 688 1340 et
702 1283 824 1361 regione
839 1281 1067 1340 circumlucente
1081 1279 1164 1336 urbis
1177 1275 1316 1356 Byzantii
1330 1275 1371 1333 cl.

268 1368 377 1448 Polyb.
395 1364 552 1440 38-44,
574 1377 605 1424 et
618 1365 656 1425 de
669 1369 743 1426 urbe
761 1365 923 1428 Herodian.
941 1367 1042 1430 sinit.

353 1451 396 1509 ib.
412 1472 443 1508 v.
459 1454 490 1514 8.
533 1453 662 1510 Severus
678 1454 821 1511 balneum
834 1453 985 1531 Zeuxippi
1000 1449 1159 1522 cxstmxit,
1182 1444 1220 1504 de
1232 1463 1293 1525 quc
1308 1441 1371 1502 rid.

269 1539 293 1596 l.
307 1540 351 1603 52
366 1557 392 1593 ο.
407 1534 469 1595 Th.
483 1533 523 1594 de
537 1557 619 1616 oper.
633 1540 746 1617 publio.
767 1539 854 1596 stibi
868 1542 985 1596 citatos.
1007 1536 1118 1592 attur.
1165 1533 1206 1590 cf.
1220 1532 1334 1590 Zosimi
1353 1533 1370 1593 1

268 1625 291 1688 8
304 1633 334 1681 et
346 1621 455 1680 Suidas
469 1643 498 1680 v.
517 1622 654 1681 Sevmcs.

354 1705 397 1764 ib.
411 1727 442 1766 v.
459 1713 508 1772 18.
551 1707 615 1766 vid.
636 1708 659 1766 Ι.
679 1709 735 1767 ult.
760 1705 797 1766 de
819 1709 909 1767 calcis
925 1715 1032 1766 coctor.
1046 1703 1132 1783 Sylb.
1149 1700 1188 1760 ad
1200 1717 1284 1758 oram
1299 1696 1372 1756 edit.

270 1811 343 1853 suae
363 1785 513 1872 Neaipsov,
533 1793 587 1852 ubi
600 1803 687 1872 porta
699 1795 838 1874 νεωρίου,
858 1815 937 1853 nuuc
952 1792 1100 1852 Hebraea.
1132 1789 1242 1846 Κίτιον.

354 1877 396 1935 ib.
422 1899 453 1936 v.
479 1883 527 1942 17.
578 1877 659 1959 quod
681 1880 784 1938 forum
805 1883 938 1938 Zonaras
968 1877 1060 1956 vulgo
1089 1868 1249 1936 πλανωτὸν
1272 1869 1372 1928 vocari

270 1959 361 2107 gicit,
391 1964 503 2044 quippe
524 1964 606 2060 quod
629 1976 711 2024 esset
728 1964 819 2040 πλαξὶ
837 1968 970 2038 λιθίνοις
990 1959 1242 2042 κατεστρωμένον.
1284 1955 1369 2012 Edit·

300 2069 370 2106 xon.

354 2129 510 2196 ib.v.18·
533 2135 636 2206 στοαῖς
649 2129 805 2213 diastylos.
826 2129 888 2191 vid.
902 2132 925 2191 l.
941 2133 983 2198 52
1001 2130 1039 2192 de
1051 2151 1133 2212 oper.
1150 2129 1236 2208 publ.
1259 2127 1369 2183 Rtuer.

354 2215 396 2274 it.
422 2236 452 2273 τ.
479 2218 528 2278 19.
571 2219 790 2277 Proecouuesio
816 2237 975 2278 marmore.
1020 2211 1249 2298 Προικόννησος
1272 2210 1373 2268 insuda

268 2299 461 2381 Propontidis
475 2295 566 2364 πόλιν
583 2300 692 2381 ἔχουσα
707 2302 759 2364 sol
775 2301 919 2381 μέταλλον
933 2303 1008 2385 μέγα
1021 2305 1131 2365 λευκοῦ
1146 2301 1239 2362 λίθον
1255 2292 1373 2376 σφόδρα
1476 2343 1477 2378 .

267 2383 499 2464 ἐπαινούμενον.
534 2387 642 2446 Strabo
658 2389 710 2450 18.
746 2386 824 2448 adde
839 2391 918 2448 Plin.
936 2391 955 2453 5
973 2399 1050 2448 extr.
1064 2390 1118 2468 qui
1133 2389 1225 2445 etiam
1238 2385 1372 2441 Procon-
1476 2395 1477 2398 ’

269 2493 378 2533 nasum
392 2473 494 2530 scribit
508 2473 573 2530 siue
587 2470 787 2550 diphthongo.
827 2475 938 2533 Cellor.

353 2555 395 2614 it.
411 2577 441 2614 v.
455 2561 507 2622 21.
550 2555 612 2616 vid.
627 2559 650 2615 1.
668 2559 719 2620 11.
738 2560 778 2622 12
794 2557 860 2618 cod.
876 2560 939 2619 Th.
953 2557 991 2618 de
1007 2579 1077 2618 ann.
1093 2559 1151 2617 civ.
1195 2555 1304 2612 Ram.

353 2662 385 2721 p.
400 2645 442 2705 97
457 2663 488 2700 v.
502 2646 534 2704 2.
576 2641 647 2700 vide
668 2641 708 2700 ad
730 2644 962 2705 illustrationem
984 2644 1075 2706 huius
1097 2643 1203 2722 capitis
1223 2637 1372 2698 Godiuum

270 2725 309 2786 da
323 2727 488 2806 originibus
505 2727 660 2786 constant.
673 2730 742 2786 init.
785 2731 895 2789 Ritter.

353 2811 396 2870 ab.
412 2833 442 2870 v.
460 2811 509 2875 14.
552 2810 615 2870 vid.
628 2816 745 2872 Cotum.
761 2813 800 2872 ad
814 2817 837 2874 l.
853 2818 871 2879 1
889 2813 927 2875 de
944 2835 1026 2895 oper.
1041 2813 1128 2893 publ.
1171 2812 1281 2868 utne.

354 2897 396 2955 ib.
412 2915 443 2954 v.
459 2901 508 2961 19.
551 2898 689 2957 fortunae
703 2900 908 2960 simulacrum.
952 2899 1014 2960 vid.
1030 2897 1196 2978 Spauhem.
1210 2894 1250 2953 ad
1262 2891 1373 2952 Iuliani

269 2984 437 3131 0rat411P·
453 2983 505 3045 81.
547 2980 698 3042 Themist.
714 2987 829 3050 Orat.3
848 3006 879 3066 p.
897 2985 949 3050 42.
995 2984 1101 3045 Codiu.
1119 2985 1201 3061 Orlg.
1216 2983 1371 3040 Constant.

267 3089 288 3148 p
353 3150 396 3208 ib.
412 3171 441 3208 v.
458 3155 511 3215 20.
552 3148 1091 3234 indicanteAnonymoBianconiip.
1109 3155 1169 3217 128
1184 3152 1257 3210 viris
1270 3147 1372 3227 digui-

267 3246 330 3295 tate
345 3257 381 3294 ac
392 3236 550 3294 nobilitate
563 3239 747 3316 conspicuis,
782 3258 858 3319 quos
872 3243 968 3300 Roma
983 3252 1012 3301 et
1032 3241 1099 3300 aliis
1114 3239 1187 3296 locis
1204 3236 1245 3296 ad
1260 3253 1373 3294 novam

268 3322 375 3381 urbem
388 3322 551 3400 imperator
564 3334 750 3398 evocaverat,
772 3323 906 3384 aedilicia
918 3345 1029 3406 magus
1041 3337 1111 3387 sunt
1123 3333 1284 3383 exstructa.

353 3406 395 3464 ib.
413 3427 443 3464 v.
456 3407 510 3468 21.
552 3426 726 3488 quanquam
740 3411 842 3488 copias
858 3431 919 3470 non
931 3412 1036 3471 eduxit
1053 3412 1276 3481 Constantinus,
1296 3406 1371 3486 luga

268 3501 372 3550 tamen
391 3501 423 3548 et
442 3501 608 3550 castrorum
627 3494 708 3552 vallo
730 3498 884 3576 quaesisse
906 3499 1034 3556 salutem
1055 3518 1074 3556 a
1088 3498 1211 3556 Zoslmo
1231 3491 1370 3567 traditan,

268 3579 354 3634 ouius
374 3578 572 3653 narrationis,
600 3578 731 3637 aliorum
749 3584 929 3640 testimoniis
947 3602 1066 3664 quoque
1080 3581 1283 3654 adversantis,
1313 3580 1372 3637 oh-

267 3664 442 3722 scuritatem
461 3662 563 3742 aliquo
576 3659 709 3743 dispellit
723 3665 814 3726 modo
826 3669 1031 3747 interpretatio
1044 3670 1151 3728 Ritterl
1166 3665 1226 3747 (ad
1246 3664 1375 3724 Guthra'i

269 3748 354 3806 Hist.
377 3748 469 3804 Πιιὶν.
486 3756 510 3806 t.
522 3747 543 3811 5
554 3769 586 3827 p·
604 3754 620 3811 1
637 3770 669 3829 p-
687 3751 707 3814 5
723 3761 786 3810 uot.
802 3751 851 3830 f),
875 3757 1001 3834 quinon
1017 3755 1166 3834 proellum
1180 3750 1235 3811 sed
1249 3760 1373 3808 noctur-

268 3853 344 3894 num
363 3834 512 3912 impetum
525 3852 544 3890 a
558 3834 691 3894 barbaris
706 3836 822 3896 factum
837 3850 866 3897 et
882 3850 1000 3918 partem
1020 3842 1278 3920 praetorianorum
1296 3835 1310 3916 (
1316 3839 1373 3917 τῆς
1410 3873 1417 3890 ·

267 3913 445 3999 ὀνινάμενος)
459 3937 577 3977 caesam
588 3921 682 3979 fuisse
692 3932 789 3999 putat.

352 4025 384 4084 p·
398 4007 440 4068 98
454 4004 528 4066 nl.
569 4003 633 4063 vid.
649 4007 672 4064 l.
690 4008 708 4068 1
726 4004 764 4064 de
778 4017 913 4066 excusat.
927 4009 1031 4068 artific.
1075 4010 1186 4067 Raso.

351 4087 393 4146 ib.
416 4109 446 4148 v.
469 4089 500 4154 5.
548 4085 625 4149 haec
654 4092 843 4170 imperatoris
872 4093 1037 4154 liberalitas
1065 4096 1186 4174 publica
1211 4093 1371 4152 observata

267 4191 389 4253 quoque
414 4185 460 4234 est
479 4174 516 4231 ab
538 4176 617 4236 aliis.
660 4179 692 4234 iu
708 4173 757 4236 his
776 4179 948 4244 Socrates2
972 4183 1011 4244 18
1030 4192 1096 4240 octo
1110 4178 1263 4260 myriades
1285 4178 1372 4240 σίτου
1458 4203 1462 4216 ·

267 4257 440 4318 distributas
454 4257 589 4342 qnotidie
606 4263 700 4323 fuisse
716 4263 835 4341 scribit,
862 4258 945 4346 quod
964 4264 1002 4325 da
1015 4287 1110 4346 pane,
1137 4285 1199 4326 nou
1214 4263 1252 4324 de
1266 4261 1371 4324 modio
