3025 4892
415 275 751 346 committamus
783 275 1050 346 stratonicus,
1209 219 1290 350 1111

186 440 347 520 pellexerit
362 440 422 520 (cf.
439 441 556 500 Gibbon
572 451 597 500 t.
612 446 632 507 8
650 433 681 524 Ρ.
697 440 780 524 185)
796 453 827 503 et
842 442 993 505 Vandalos
1006 445 1118 504 Alanos
1132 455 1162 504 et
1175 443 1291 505 Suevos

185 526 226 585 ad
246 527 458 586 incursandam
480 529 611 586 Galliam
633 532 832 607 instigaverit.
876 529 958 611 quod
978 533 1090 589 crimen
1114 533 1228 590 slvere
1251 530 1291 592 ad

186 611 385 671 Stilichonem
411 616 620 691 pertinuisset,
651 615 770 672 barbari
792 613 876 674 haud
902 615 992 676 dubie
1018 614 1056 675 11
1080 618 1203 678 consilia
1225 620 1290 676 eius

185 697 377 756 fraudulenta
391 697 560 757 adiuvanda
574 702 793 760 incursationes
803 721 872 762 suas
885 700 1154 782 praedationesque
1168 722 1289 760 accom-

184 781 376 857 modasseut3
412 803 540 864 quorum
569 795 671 842 tamen
695 783 775 844 nihil
799 787 912 845 facturn
938 785 1087 846 ridemus.
1132 786 1220 846 effusi
1239 790 1291 845 isti

184 869 303 926 barbari
320 872 415 928 suut
406 890 439 927 m
452 872 657 930 Romanorum
672 874 843 971 provincias
865 893 926 931 non
949 870 1056 931 eodem
1079 891 1138 974 quo
1155 883 1290 930 mortuus

183 953 331 1012 Arcadius
350 965 395 1012 est
409 975 498 1030 antro,
521 966 552 1013 et
562 975 621 1036 quo
634 944 767 1034 primur'n
781 955 980 1017 Stilichonem
994 977 1086 1036 reguo
1101 961 1289 1016 imminuisse

182 1039 321 1114 tradunt,
352 1037 407 1098 sed
428 1041 550 1099 biennio
570 1051 639 1099 anta
659 1059 753 1120 quam
764 1042 886 1102 Arcadii
901 1063 982 1104 mors
995 1063 1042 1102 res
1058 1045 1209 1103 Orientis
1201 1063 1290 1100 mra-

184 1121 276 1183 dendi
299 1129 553 1204 opportunitatem
573 1124 707 1185 dederat.

268 1231 299 1289 p.
315 1212 420 1297 2911.
436 1215 488 1274 20.
532 1213 689 1291 Olympio,
723 1231 814 1293 qnam
837 1205 1290 1296 Olympiodoms’cvccsoupydu

184 1307 281 1370 vocat,
303 1293 431 1354 Stilicho
446 1308 550 1356 auctor
564 1297 700 1356 fortunae
715 1295 925 1379 honorumque
943 1302 1109 1358 exstiterat.

268 1401 299 1459 Ρ
314 1385 377 1445 292
394 1402 423 1439 v.
441 1386 490 1446 16.
532 1380 595 1440 rid.
613 1385 792 1462 Prosopogr.
810 1403 835 1441 c.
851 1382 913 1443 Th.
957 1385 1067 1442 Ritter.

268 1469 474 1544 Ρ.2981.8.
517 1466 684 1526 secundnm
705 1469 908 1528 Sozomenum
930 1481 960 1527 et
982 1472 1121 1530 Orosium
1146 1464 1286 1526 trucidati

183 1553 289 1609 santii
304 1553 356 1630 qui
371 1572 471 1612 rerum
483 1572 641 1629 novarum,
663 1573 739 1635 quas
750 1555 853 1614 moliri
864 1552 991 1616 Stilicho
1005 1553 1189 1627 credebatur,
1212 1572 1286 1612 con·

183 1639 239 1694 scii
256 1636 440 1695 dicebantur.

268 1721 311 1779 ib.
328 1741 358 1780 r.
376 1725 426 1785 12
470 1725 623 1804 antiquius
642 1733 672 1781 et
684 1743 796 1782 nomeu
817 1720 875 1782 hoc
895 1734 925 1784 et
945 1723 1078 1784 officium
1092 1732 1285 1806 quaestorum

183 1803 319 1882 ridetur,
348 1809 373 1866 si
388 1807 427 1866 ad
439 1809 576 1868 Suetonii
589 1807 1284 1888 11111111111111111,Αιις.65,11110116,

182 1893 293 1954 Tiso.
320 1893 430 1951 cellar.
463 1905 612 1974 quaestor,
626 1896 689 1976 qui
702 1896 874 1974 principum
890 1896 955 1954 vice
972 1897 1120 1953 orationes
1133 1895 1166 1951 in
1180 1902 1286 1952 serrutu

183 1978 307 2036 recitare
323 1979 457 2054 solebat,
479 1979 692 2059 aSymmaoho
711 1987 726 2043 1
741 2001 789 2060 ep.
804 1983 845 2044 17
863 2001 988 2058 precum
1003 1977 1116 2038 arbiter
1138 1990 1168 2036 et
1184 1978 1286 2057 legum

181 2064 318 2121 ccrzditor
336 2066 523 2144 appellatur;
561 2065 624 2124 rid.
644 2068 762 2124 Iuretus
784 2063 823 2125 ad
844 2067 962 2144 Symm.
984 2066 1008 2124 l.
1028 2085 1055 2123 c.
1075 2065 1212 2124 Ritterzcs
1235 2061 1286 2122 hic

180 2147 285 2206 laudat
301 2149 511 2208 Alemannm
524 2147 563 2208 ad
574 2153 712 2230 Procopii
724 2150 889 2209 Anecdota.

266 2233 309 2292 ib.
324 2255 355 2293 r.
373 2239 422 2298 17.
465 2235 571 2296 victl
587 2239 628 2300 10
646 2235 683 2295 de
699 2239 837 2296 censitor.
860 2237 970 2294 Ritter.
1016 2232 1087 2293 add.
1104 2237 1285 2312 Prosopogr.

265 2339 296 2399 Ρ.
311 2319 418 2382 2911.
434 2321 483 2384 13.
527 2318 560 2379 11.
582 2325 730 2401 reputavit
746 2320 828 2400 apud
848 2341 879 2380 se
898 2331 1015 2401 quanta
1034 2330 1109 2380 esset
1123 2318 1286 2378 multitudo

180 2404 663 2486 militum,u1m1smaguaquam
679 2415 712 2465 ut
726 2409 866 2485 castigari
877 2416 989 2487 posset.
1032 2406 1079 2464 Η.

266 2488 308 2546 ib.
325 2509 355 2546 v.
370 2494 422 2552 22.
465 2501 626 2570 postquam
649 2492 769 2548 barbari
792 2491 948 2550 audierant
965 2495 1117 2550 Romanas
1137 2490 1238 2568 copis·
1252 2489 1286 2546 in

185 2573 381 2632 Stilichonem
398 2572 575 2634 seditionem
593 2578 741 2649 movisse,
772 2595 841 2633 cum
854 2574 1046 2636 Stilichoeos
1060 2575 1202 2634 adversus
1216 2575 1286 2632 illas
1372 2621 1376 2632 .

58 2693 62 2699 ·
182 2657 292 2718 ducere
316 2671 480 2735 recusaret,
509 2662 570 2738 ipsi
590 2619 760 2719 alienantur
783 2661 820 2717 ab
840 2680 887 2718 eo.
934 2661 1031 2718 Sarrae
1051 2679 1122 2718 vero
1144 2663 1234 2718 etism
1252 2662 1286 2716 iu

181 2747 247 2804 eius
260 2747 414 2804 interitum
430 2748 588 2804 immmet:
598 2803 605 2820 .
617 2748 753 2819 Hunnis,
776 2745 885 2826 quibus
901 2743 1028 2804 Stilicho
1045 2743 1199 2804 fidissimis
1216 2756 1285 2801 ute-

180 2830 284 2906 batur,
303 2833 434 2906 necatis,
457 2842 487 2890 et
502 2826 726 2910 impedimentis
741 2829 879 2910 direptis,
907 2828 1107 2889 Stilichonem
1121 2832 1213 2888 armis
1227 2847 1287 2908 ag·-

181 2915 266 2996 gredi
281 2927 383 2996 parat;
403 2919 496 2976 atille
508 2919 581 2994 fuga
596 2918 734 2975 elabitur.
779 2913 830 2974 hic
846 2927 891 2978 est
902 2936 1001 2974 rerum
1020 2913 1104 2974 ordo.
1147 2916 1193 2973 H.

266 3024 296 3082 p
289 3006 373 3066 291
387 3023 417 3061 r.
434 3008 487 3066 22.
530 3003 701 3061 Heracliani
713 3021 808 3062 mauu
821 3005 935 3062 occisus
949 3011 994 3060 est
1010 2999 1195 3074 Eucherium
1218 2997 1282 3058 rid.

180 3091 293 3148 Zosim.
311 3109 342 3168 p
359 3092 421 3154 800
436 3099 513 3146 extr.
536 3097 566 3146 et
582 3087 825 3168 Olympiodorus.
868 3090 901 3145 in
916 3087 1070 3146 nonnullis
1087 3085 1138 3146 hic
1154 3083 1283 3145 discedit

179 3173 400 3252 Philostorgius
417 3179 512 3249 122,
529 3172 683 3255 adquam
700 3172 763 3231 vid.
780 3175 895 3232 comm.
912 3171 1075 3231 cholred.

265 3283 296 3342 p·
287 3263 376 3324 .296
396 3281 427 3319 r.
452 3262 502 3324 10.
546 3270 677 3318 ceterum
698 3260 731 3316 in
752 3258 917 3318 Stilichone
937 3259 1113 3337 exemplum
1134 3252 1282 3316 habemus

181 3365 272 3426 quam
286 3366 394 3426 purum
411 3355 475 3404 tuta
492 3365 540 3404 res
554 3348 595 3404 sit
608 3347 739 3404 nominis
755 3344 981 3402 immortalitas.
1007 3343 1074 3402 fieri
1088 3343 1168 3400 enirn
1183 3351 1282 3420 potest

181 3444 215 3490 ut
241 3432 519 3490 obscurissimarum
544 3429 704 3489 homiuum
725 3431 839 3488 artibus
860 3439 891 3488 et
912 3429 1070 3489 calumniis
1092 3429 1281 3508 iniquissima

180 3517 262 3575 fama
281 3516 419 3576 homines
441 3519 546 3594 magui
563 3519 679 3594 ingenii
702 3526 735 3574 et
755 3518 892 3588 virtutis,
914 3518 1058 3574 maximis
1074 3514 1162 3572 rebus
1178 3516 1280 3592 gestis,

179 3612 249 3682 post
269 3603 331 3660 fata
351 3592 472 3682 quoque
491 3605 650 3681 opprimat.
693 3611 799 3680 poetae
814 3599 992 3674 adulatoris,
1015 3603 1194 3678 scriptorum
1207 3618 1282 3678 pro·-

179 3699 248 3768 pter
260 3707 412 3747 sacrorum
424 3685 628 3746 diversitatem
642 3684 736 3761 odiis,
767 3696 798 3745 et
810 3689 988 3766 nequissimi
1002 3683 1133 3745 hominis
1149 3684 1283 3764 Olympii

180 3774 411 3832 calumniatione
427 3772 556 3847 facturn,
585 3785 619 3834 ut
632 3771 780 3847 hominis,
812 3773 897 3831 cuius
908 3771 1041 3830 similem
1052 3773 1106 3830 illa
1119 3781 1202 3828 aetas
1216 3787 1279 3827 non

178 3857 265 3935 vidit,
287 3860 369 3918 fama
382 3859 466 3917 omni
478 3856 622 3918 foeditate
637 3857 793 3938 deturpata
808 3859 857 3916 sit.
899 3857 947 3915 Η.

263 3943 306 4004 ib.
350 3945 535 4003 notariorum
551 3948 608 4004 tria
628 3954 712 4005 erant
724 3961 847 4023 genera.
890 3941 981 4021 primi
995 3950 1025 3998 et
1038 3939 1191 4017 praecipui
1208 3948 1280 3998 sunt

180 4029 296 4090 tribuni
309 4032 464 4089 etnotarii
475 4032 637 4109 principis,
663 4029 701 4090 ds
722 4029 832 4111 quibus
853 4030 992 4088 Zosimus
1009 4025 1139 4104 inirap.
1155 4023 1217 4088 304
1231 4043 1279 4104 sq.
1360 4072 1368 4089 ,

176 4108 319 4197 Ἰωάννης
339 4119 403 4178 τῶν
420 4117 586 4196 βασιλικῶν
604 4113 827 4198 inoypcpiow,
859 4108 913 4186 οὺς
931 4109 1111 4193 spatiosiore
1124 4113 1280 4183 suboritur,

94 4261 101 4274 ,
178 4198 279 4282 ὄρχων
292 4199 573 4284 γεγενημίνὸςᾸιι
563 4205 620 4260 et
637 4200 755 4260 tribuni
770 4201 956 4260 notariorum
969 4196 1127 4271 dicuntur,
1157 4193 1278 4254 uth..l

177 4290 254 4346 etin
268 4285 380 4349 Cbrcn.
392 4289 527 4351 Marcell.
542 4289 672 4348 Patricio
685 4298 715 4349 et
729 4289 865 4369 Hypatro
876 4303 954 4348 coss·
997 4241 1127 4348 secundi
1135 4291 1206 4344 sunt
1222 4282 1280 4339 tri-
