3025 4892
230 222 301 302 184
702 174 854 291 uosuu

227 405 283 467 τοτ’·
295 393 433 487 χάρακος
448 390 651 483 προελθόντες
664 388 817 475 τοσαύτην
833 393 902 478 περί
922 390 975 457 τὸν
990 386 1123 473 πόλεμον
1141 387 1329 465 ἐπεδείξαντο

230 504 408 589 προθυμίαν
428 498 505 565 ὥστε
529 502 561 577 ἐξ
585 498 709 583 ἀπείρου
731 493 872 579 πλήθους
894 494 1014 579 ὀλίγους
1034 498 1077 571 είς
1097 492 1137 557 τὰ
1156 495 1250 556 οἰκεῖα
1271 498 1332 555 τῶν

231 602 399 691 βαρβάρων
423 606 625 684 διασωθῆναι.
682 596 702 684 ἦ
728 599 785 683 μέν
810 590 864 663 oria
888 598 964 685 πρὸς
986 598 1021 665 τὸ
1045 593 1234 685 Γερμανικὸν
1250 590 1332 660 ἅπαν

229 708 314 795 μάχη
328 704 441 793 ταύτης
456 705 539 787 έτυχε
557 702 622 769 τότε
638 710 693 786 τῆς
710 708 860 784 τελευτῆς.

118 850 140 885 ῃ,
159 834 211 891 357
338 811 394 878 10.
449 806 573 890 Οὐάλης
589 807 622 872 δέ
638 804 654 871 ὅ
672 806 818 889 βασιλεὺς
833 802 964 881 πολλοὺς
985 801 1063 885 μετὰ
1084 801 1139 885 τὴν
1155 801 1362 886 Προκοπίουὸ

229 912 370 994 τελευτὴν
385 908 510 989 άνιλιάν,
525 908 668 975 πλειόνων
683 911 715 974 dd
732 910 790 985 τάς
804 908 910 987 οὐσίας
925 909 968 982 είς
985 906 1020 973 τὸ
1037 904 1185 989 ιλημάσιον
1198 901 1335 993 ε’νεγκιάν,

233 1014 410 1081 άιέκάπτετο
428 1021 484 1097 τῆς
498 1016 546 1077 ἐπὶ
562 1014 689 1101 Πέρσας
703 1010 843 1089 ε’λάσειος,
860 1013 972 1097 μοίρας
988 1016 1048 1074 τῶν
1064 1006 1139 1093 ὖπέρ
1156 1006 1337 1091 τὸνἼστρον

235 1124 368 1183 Σκυθῶν
390 1118 430 1181 ut
447 1114 607 1199 Ῥωμαίων
626 1114 697 1197 ὅρια
714 1112 934 1200 ταραττούσης.
984 1112 1039 1199 ἐφ’
1061 1110 1114 1188 οὓς
1131 1107 1259 1192 ιλάναμιν
1279 1110 1338 1193 άρ-

235 1228 350 1287 κοῦσαι
367 1221 527 1303 έκπέμψας
540 1224 594 1302 τῆς
612 1220 659 1285 dni
679 1219 713 1287 τὸ
730 1216 836 1303 πρόσω
855 1218 979 1302 πορείας
998 1216 1112 1297 ἀνεῖχε,
1134 1213 1240 1278 καὶτὰ
1257 1211 1338 1276 ὅπλα

234 1326 426 1409 παραδοῦναι
449 1319 681 1406 συναναγκάσας
705 1322 830 1402 διένειμε
855 1330 922 1397 ταῖς
939 1318 1024 1404 παρά
1042 1318 1095 1382 τὸν
1107 1316 1225 1401 Ἴστρον
1242 1316 1339 1381 αὐτοῦ
1349 1328 1386 1382 10

235 1425 376 1503 πόλεσιν,
416 1428 446 1494 ἐν
476 1425 600 1511 άιλέυμῳ
630 1430 836 1511 φρουρεῖσθαι
864 1418 1166 1509 παρακελευσάμενος
1205 1423 1339 1505 φυλακῇ.

237 1522 319 1593 οὗτοι
337 1531 369 1593 δέ
387 1520 466 1611 ἦσαν
478 1525 531 1605 οὓς
544 1526 560 1593 ὁ
574 1533 635 1592 τῶν
648 1532 781 1592 Σκυθῶν
795 1523 960 1610 ἡγούμενος
975 1524 1059 1609 ἔτυχε
1073 1524 1241 1609 Προκοπίῳ
1258 1547 1339 1603 συμ-

236 1630 356 1715 μάχους
377 1632 544 1715 ἐκπέμψας.
596 1626 658 1695 inei
676 1622 730 1698 οὖν
752 1627 879 1708 τούτους
900 1630 1056 1715 ἀφεθῆναι
1072 1626 1157 1712 παρά
1176 1631 1231 1690 τοῦ
1246 1631 1340 1706 βασι-

237 1736 314 1811 λέως
333 1732 439 1823 ἀπῄτει
462 1716 541 1801 κατὰ
564 1734 725 1823 πρεσβείαν
749 1739 806 1798 τοῦ
825 1730 891 1797 τότε
910 1738 1093 1818 κρατοῦντος
1109 1728 1220 1805 αὐτοὺς
1237 1725 1341 1814 (γήσας

239 1838 479 1925 έκτιεπομηέναι,
513 1837 591 1921 πρὸς
611 1838 699 1901 οὐδέν
725 1837 809 1924 αὐτῷ
831 1832 848 1898 ὃ
873 1834 1018 1916 βασιλεάς
1039 1830 1162 1915 Οὐάλης
1189 1827 1386 1914 ὖπήκουεἽῦ

239 1938 315 2023 μήτε
334 1940 392 2027 γάρ
413 1939 489 2027 πρὸς
508 1939 601 2007 αὐτὸν
617 1937 744 2015 τούτους
764 1935 914 2003 ἐστάλθαι
934 1936 1030 2021 ἔλεγε,
1055 1934 1132 2019 μήτε
1151 1936 1271 2021 ηιλίους
1288 1932 1341 1998 άν-

240 2069 298 2117 τας
318 2042 396 2108 ἀλλὰ
414 2044 576 2123 πολεμίους
593 2038 717 2107 ἁλῶναι.
778 2038 856 2127 αὕτη
869 2040 922 2105 τὸν
936 2039 1092 2104 Σκυθικὸν
1105 2034 1237 2119 πόλεμον
1253 2037 1344 2123 άνερ-

243 2141 391 2230 ρίπισενὴ
413 2146 504 2209 αίτία.
555 2144 788 2225 διανοουμένους
802 2146 835 2207 δέ
852 2143 963 2222 αὐτοὺς
981 2143 1093 2208 έπιίναι
1109 2151 1173 2219 τοῖς
1187 2137 1345 2222 Ῥωμαίων

243 2246 338 2333 ὁρίοις
353 2245 538 2329 αἰσθόμενος
554 2242 570 2309 ὃ
585 2244 746 2327 βασιλεύς,
773 2248 917 2333 καὶπρὸς
934 2246 1008 2310 αὐτὸ
1025 2245 1084 2328 ἤδη
1104 2244 1347 2328 συνειλεγμένους

243 2350 381 2427 ἅπαντας
404 2348 460 2413 σὺν
484 2347 605 2433 ὀξύτητι
626 2347 728 2439 πάσῃ,
761 2348 796 2414 τὸ
819 2350 876 2431 μέν
903 2345 1108 2435 στρατόπεδον
1128 2354 1167 2433 τῇ
1190 2344 1272 2432 ὄχθῃ
1289 2351 1388 2410 cotto

236 2452 358 2535 Ἴστρου
376 2454 641 2539 συμπαρατείνας,
668 2452 761 2529 αὐτὸς
781 2453 814 2517 (λέ
839 2454 888 2515 du
909 2457 964 2534 τῆς
985 2448 1299 2537 Μαρκιανουπόλειος,
1324 2446 1346 2532 ἢ

243 2557 368 2639 μεγίστη
384 2562 445 2619 τῶν
461 2557 493 2621 έν
509 2553 618 2645 Θρηίκῃ
636 2552 751 2621 πάλειάν
767 2557 839 2634 ἔστι,
865 2556 1040 2638 διατρίβων,
1064 2561 1119 2637 τῆς
1131 2579 1162 2617 τε
1176 2559 1238 2618 τῶν
1250 2578 1346 2637 στρα-

245 2663 362 2725 τιωτῶν
383 2659 415 2723 έν
440 2656 544 2739 ὅπλοις
569 2656 725 2747 ἀσκήσεως
747 2659 917 2744 ἐπιμέλειαν
936 2659 1063 2725 ἐποιεῖτο
1079 2659 1129 2724 καὶ
1142 2652 1277 2739 μάλιστα
1291 2660 1346 2721 τοῦ

316 2839 350 2893 10
366 2836 453 2907 legero
464 2838 540 2893 etiam
552 2840 705 2909 quaestorio
718 2834 845 2907 weplede
854 2830 972 2905 Ἴστρον,
990 2841 1021 2889 ut
1031 2835 1098 2889 infra
1110 2853 1136 2906 p.
1150 2836 1200 2891 191
1214 2833 1234 2889 4
1248 2836 1278 2889 8.

249 2988 331 3055 gressi
343 2992 393 3043 tam
405 3010 436 3044 eo
448 3008 477 3045 se
487 2992 555 3045 beiio
567 2996 671 3045 strenue
681 2994 833 3061 gesserunt,
850 2995 879 3045 ut
896 2991 930 3043 de
946 2990 1111 3043 barbarorum
1121 2988 1223 3041 infinita
1233 2987 1348 3041 multitu·

250 3058 309 3108 dine
328 3060 401 3127 pauci
418 3062 518 3114 domum
535 3062 673 3113 incolumes
692 3061 824 3114 redierint.
859 3076 892 3111 ao
911 3061 1003 3113 bellum
1020 3060 1119 3130 quidem
1133 3058 1257 3114 adversus
1270 3066 1348 3110 totam

249 3127 378 3181 notionem
391 3130 568 3183 Germanicam
580 3130 717 3183 huiusmodi
728 3139 791 3181 tune
802 3128 897 3181 exitum
908 3128 1003 3182 habuit.

322 3199 362 3249 10.
397 3198 540 3267 Imperator
552 3209 635 3251 autem
649 3200 748 3263 Valens,
766 3199 850 3250 multis
862 3205 922 3266 poet
933 3198 1028 3249 obitum
1038 3196 1159 3266 Procopii
1171 3194 1257 3263 capite
1267 3192 1347 3313 plexis

250 3268 280 3315 et
298 3264 405 3332 plurium
423 3268 494 3319 bonis
512 3268 537 3318 in
556 3268 644 3319 fiscum
664 3268 764 3333 relatis,
786 3266 813 3318 in
829 3266 994 3337 expeditione
1010 3266 1116 3317 Persica
1134 3264 1273 3334 praepedie
1291 3270 1349 3313 etur

251 3340 326 3400 parte
338 3334 446 3403 quadam
458 3336 693 3388 transistrianorum
704 3336 860 3403 Scytharum
878 3336 942 3387 fines
954 3336 1083 3387 Romanos
1093 3336 1223 3387 turbante.
1256 3332 1350 3382 adver-

251 3416 294 3451 sus
307 3418 371 3469 quos
383 3404 445 3455 satis
458 3404 546 3472 amplis
557 3404 652 3457 emissis
664 3405 760 3472 copiis,
781 3422 831 3473 quo
849 3405 929 3455 minus
946 3403 1052 3454 ulterius
1067 3402 1293 3473 progrederentur,
1310 3399 1350 3451 in·

194 3512 196 3517 .
252 3468 343 3533 hibuit,
361 3477 388 3521 et
401 3488 470 3523 arma
488 3471 589 3524 tradere
606 3480 709 3525 coactos
727 3473 752 3525 in
772 3473 867 3543 oppido
883 3488 945 3539 sua,
964 3480 1069 3541 propter
1083 3472 1174 3522 istrum
1187 3471 1247 3539 aita,
1266 3467 1352 3521 distri-

252 3538 316 3599 buit,
335 3554 391 3590 cum
410 3540 527 3591 mandato
540 3546 569 3591 ut
583 3540 608 3593 in
625 3541 743 3593 custodia
754 3542 909 3593 vinculorum
921 3550 1028 3609 experte
1040 3547 1242 3592 asservarentur.
1278 3541 1351 3588 erant

252 3615 336 3656 niuem
356 3606 380 3657 hi
398 3624 462 3676 quos
477 3610 603 3679 Procopio
626 3610 782 3676 Scytharum
804 3611 922 3682 princeps
942 3611 974 3662 ad
997 3609 1057 3662 belii
1077 3609 1222 3661 societatem
1239 3606 1350 3659 miserat.

254 3691 310 3725 cum
323 3674 402 3740 igitur
413 3676 455 3729 iile
466 3678 557 3730 dimitti
570 3681 614 3731 hos
626 3682 657 3731 ab
671 3680 824 3749 imperatore
835 3686 953 3746 peteret,
970 3696 1034 3747 quor
1053 3685 1168 3743 rogatum
1180 3692 1267 3745 seper
1279 3676 1352 3742 iega-

253 3752 293 3793 tos
309 3743 341 3794 ab
356 3762 386 3795 eo
406 3746 450 3814 qui
470 3752 523 3799 tum
540 3764 622 3799 rernm
641 3749 786 3819 potiebatur
804 3748 901 3799 misisse
914 3748 1023 3811 dicebat,
1042 3748 1107 3797 nulia
1118 3748 1145 3797 in
1158 3762 1188 3797 re
1200 3744 1294 3797 Valens
1304 3743 1353 3795 im·

252 3820 357 3881 perator
374 3813 398 3865 ei
414 3832 508 3866 morem
527 3818 647 3883 gerebat:
666 3834 722 3868 nam
733 3834 782 3867 nec
792 3816 824 3867 ad
837 3834 866 3867 re
877 3816 966 3868 missos
977 3816 1034 3867 ilios
1047 3816 1142 3879 aiebat,
1160 3832 1208 3865 nec
1219 3821 1248 3864 ut
1260 3813 1353 3864 amicos

253 3882 300 3933 sed
319 3882 406 3934 hostes
425 3892 523 3952 ceptus.
560 3886 623 3937 baec
643 3902 720 3937 causa
742 3886 832 3935 bellum
850 3886 998 3950 Scythicum
1019 3884 1162 3935 suscitavit.
1196 3899 1252 3933 cum
1269 3890 1352 3933 autem

253 3950 377 4003 sensisset
397 3950 535 4021 imperator
554 3954 649 4006 hostem
667 3954 699 4006 de
717 3953 811 4005 finibus
829 3952 950 4005 Romanis
972 3953 1121 4005 invadendis
1135 3951 1258 4017 cogitare,
1276 3958 1353 4017 atque

253 4018 320 4069 hanc
331 4022 364 4071 ob
376 4037 479 4073 causam
492 4021 625 4074 universos
636 4022 684 4073 iam
699 4039 790 4087 magna
801 4021 934 4073 celeritate
948 4022 1080 4080 collectos,
1098 4024 1235 4072 exercitum
1248 4028 1354 4089 propter

251 4088 317 4168 latri
332 4087 411 4158 ripam
431 4090 567 4161 porrigens
584 4097 612 4141 et
629 4090 684 4158 ipse
703 4090 888 4159 hiarcianopoli
911 4090 1023 4157 degens,
1041 4106 1107 4171 quae
1119 4088 1215 4141 urbium
1226 4085 1354 4139 Thraciae

251 4172 359 4209 maxima
377 4165 431 4219 est,
450 4166 503 4210 tum
522 4166 552 4210 ut
564 4160 590 4211 in
601 4158 676 4209 armis
689 4168 870 4211 exercerentur
882 4160 973 4210 miiites
990 4158 1104 4210 studiose
1115 4158 1234 4218 curabat,
1246 4162 1300 4206 tum
1313 4152 1354 4204 vei

252 4226 358 4278 maximo
374 4242 407 4279 ne
419 4226 470 4281 ulla
482 4227 518 4281 eie
529 4243 631 4281 annona
645 4227 753 4283 deesset.
789 4230 947 4299 praesectum
959 4228 1062 4298 quidem
1074 4226 1196 4298 praetorii
1207 4224 1356 4277 declarabat
