3025 4892
404 303 744 385 'commuuimus
769 315 1036 386 fflsuomcus.
1201 313 1276 392 411

258 505 290 564 p.
303 487 366 549 280
378 502 408 543 v.
423 480 476 546 24.
519 480 583 543 vid.
603 485 625 543 l.
647 489 667 551 8
692 483 731 544 ad
748 487 824 566 Lag.
843 485 933 544 Corn.
954 481 992 544 de
1008 485 1094 546 sicar.
1116 503 1148 544 n.
1165 487 1197 550 9.
1240 483 1279 544 de

174 571 291 631 Palatio
306 567 400 627 habes
414 569 474 648 leg.
487 568 530 634 47
544 590 569 627 c.
585 569 648 630 Th.
666 569 704 630 de
718 591 789 651 opp.
803 571 889 650 publ.
935 571 1045 628 Ritter.

261 676 292 735 p.
307 657 367 718 281
384 675 415 713 v.
430 654 472 716 4:
503 657 536 712 in
554 657 699 715 Helicone
714 668 818 716 monte
841 655 969 735 duplicis
991 655 1103 715 ordinis
1124 655 1279 714 Musarum

176 733 332 820 α’γᾶλματα
345 740 483 815 fuerunt,
516 746 639 818 πρῶτα,
660 745 803 822 antiqua,
825 739 1019 821 Cephisodoti
1034 759 1127 820 opus,
1151 750 1180 798 et
1195 759 1281 798 com·

175 829 273 906 ptiora
287 827 380 884 etiam
394 829 484 884 trium
501 827 808 912 artificum,·quorum
823 829 935 905 singuli
946 839 1007 886 tres
1020 837 1134 885 statuas
1149 825 1282 884 effinxe-

175 922 256 970 runt.
299 913 429 970 Paussn.
444 913 576 970 Boeotio.
588 913 612 970 f.
626 913 687 977 304
704 914 756 971 Gr.
807 913 917 974 Cellor.

260 993 302 1054 id.
318 1016 347 1054 v.
363 999 415 1059 13.
457 997 628 1055 fuitautem
641 995 757 1058 Lindus
774 999 846 1058 urbs
861 993 961 1056 Rhodi
976 995 1104 1054 insulae.
1149 991 1187 1053 de
1202 1005 1283 1052 tem-

173 1080 226 1162 plo
243 1084 285 1140 ita
301 1082 408 1140 Strabo
427 1082 482 1140 lib.
498 1083 536 1144 4:
560 1079 643 1162 ἱερόν
656 1082 690 1145 δέ
701 1083 781 1146 ἔστιν
792 1079 927 1164 Ἀθηνᾶς
941 1083 1072 1154 Λινδίας
1088 1074 1202 1142 αὐτόθι
1216 1079 1282 1142 ἔπι-

121 1244 124 1249 ,
174 1165 286 1243 φανὲς,
315 1171 377 1228 τῶν
389 1169 553 1228 Δαναΐδων
565 1168 688 1248 ἵδρυμα.
714 1169 824 1228 cellar.
870 1169 955 1228 nulla
974 1165 1048 1225 tides
1063 1165 1168 1225 haberi
1181 1175 1282 1244 potest

173 1250 303 1311 indoctis
321 1249 431 1310 hurum
451 1264 482 1311 et
499 1257 689 1333 sequentium
710 1265 881 1336 temporum
905 1252 1077 1312 horninibus
1101 1251 1281 1310 iactantibus

173 1341 289 1416 passim
310 1338 425 1395 nobilia
445 1341 630 1418 antiquitatis
641 1351 848 1399 monuments.
891 1357 980 1418 agam
996 1358 1032 1396 ea
1050 1337 1087 1396 de
1101 1359 1132 1396 ra
1147 1335 1280 1415 diligen-

174 1425 235 1482 tius
249 1425 282 1479 in
293 1427 543 1482 commentatione
555 1427 667 1483 inserta
681 1437 704 1483 t.
723 1432 742 1490 8
759 1426 889 1485 misoelli
905 1427 1004 1504 operis
1012 1425 1180 1503 Antiquar.
1190 1421 1280 1500 Aus-

173 1515 265 1566 attae.
311 1511 479 1567 Minervam
489 1509 631 1568 Lindiam
643 1507 742 1569 adhuc
756 1531 817 1572 sec.
833 1512 871 1574 11
887 1512 1077 1589 superstitem
1093 1526 1280 1567 commemo-

159 1603 222 1650 ’rat
238 1591 364 1650 cedron.
378 1614 408 1673 p.
427 1598 489 1658 322
506 1597 543 1652 Β.
587 1615 655 1653 earn
674 1615 743 1654 cam
755 1601 826 1656 love
849 1615 889 1654 ex
909 1615 976 1653 aere
993 1595 1104 1654 factam
1117 1595 1211 1651 fuisse
1226 1611 1280 1650 sn-

174 1680 282 1756 spicor,
305 1681 375 1758 quia
388 1673 545 1758 ἀγάλματα
558 1678 646 1755 dicta,
670 1691 700 1739 et
713 1682 895 1741 miracultnn
906 1679 964 1739 hoc
975 1683 1077 1760 ipsum
1090 1680 1172 1754 facit,
1196 1673 1279 1758 quod

173 1764 254 1842 iguis
266 1765 297 1821 vi
310 1764 473 1843 liquefacta
487 1785 548 1823 non
566 1777 647 1824 sunt.
689 1768 735 1824 H.

258 1844 290 1926 p'·
304 1852 366 1914 282
382 1870 411 1908 v.
427 1849 458 1912 5·
500 1847 566 1929 τήν·
578 1855 636 1912 τοῦ
654 1847 731 1913 dvou
749 1849 913 1932 λεγομένην
928 1842 1026 1912 σκιάν.
1067 1845 1100 1912 h.
1114 1848 1137 1905 l.
1156 1863 1279 1904 causam

173 1932 291 1990 nullam
304 1945 356 1991 aut
366 1935 555 2014 probabilem
570 1947 622 1994 aut
632 1939 705 1996 satis
718 1956 841 2014 gravem
853 1945 1013 2016 repertam.
1058 1935 1132 1991 alias
1142 1933 1279 2012 plerum-

173 2036 233 2100 que
249 2015 332 2076 dere
346 2017 435 2078 nihili
449 2019 574 2097 dicitur,
597 2021 635 2080 de
652 2041 711 2102 qua
724 2023 870 2102 litigatur.
893 2041 922 2082 v.
939 2019 1026 2080 said:
1043 2015 1075 2077 h.
1091 2037 1120 2078 v.
1163 2019 1210 2076 H.

256 2102 299 2160 ib.
318 2124 348 2163 v.
360 2111 391 2170 7.
436 2107 474 2164 cf.
491 2127 516 2164 c.
532 2109 583 2169 17.
626 2107 736 2165 Ruta.

257 2187 300 2248 ib.
316 2210 346 2250 v.
363 2193 394 2256 9.
434 2190 497 2251 vid.
511 2189 561 2250 hic
574 2192 691 2251 comm.
710 2191 751 2251 ad
764 2192 787 2250 l.
800 2191 855 2250 ult.
876 2187 943 2250 cod.
961 2186 1082 2250 Theod.
1104 2185 1143 2247 da
1161 2197 1278 2270 quaest.

172 2274 282 2334 muer.

257 2357 299 2416 id.
322 2379 353 2418 r.
370 2359 419 2423 15.
460 2355 663 2442 Ἀρβαζᾶκιος.
705 2361 797 2441 paulo
818 2361 907 2419 aliter
926 2359 1047 2420 effertur
1065 2377 1176 2416 nomen
1199 2353 1281 2437 apud

173 2443 337 2524 Synesimn
353 2462 401 2521 ep.
418 2445 489 2522 134,
512 2466 590 2525 quae
604 2445 664 2504 huc
681 2451 772 2504 etiam
785 2449 924 2525 pertinet.
969 2445 1090 2524 nister..

259 2549 289 2607 p·
305 2531 367 2593 283
387 2549 416 2587 r.
438 2532 468 2592 1.
511 2528 572 2588 huc
592 2536 724 2610 pertinet
737 2529 847 2590 Suidas
862 2551 892 2590 v.
905 2525 1115 2612 Ἀρβαζάκιος,
1146 2527 1280 2609 quieius
1381 2583 1384 2590 ,

173 2615 331 2672 avaritiam
343 2623 437 2674 notat.

259 2697 300 2756 ib.
319 2719 348 2756 v.
361 2697 394 2761 5.
437 2698 475 2758 de
487 2701 659 2759 Isaurorum
671 2701 842 2759 incursione
858 2695 921 2760 rid.
936 2697 1121 2758 Sozomenus
1138 2699 1159 2762 8
1180 2691 1223 2760 25
1248 2703 1280 2756 al

173 2779 392 2864 Philostorgius
411 2788 449 2849 11
475 2791 506 2853 8.

320 2989 390 3047 xn.
432 2987 486 3045 on
507 2987 682 3048 nonoaro
704 2985 739 3069 (1.
754 2987 774 3052 5
792 3006 818 3046 ο.
832 2989 873 3054 aa
887 2937 1002 3051 -1Jo
1017 3005 1043 3045 ο.
1063 2983 1130 3065 13).

222 3163 241 3206 ‚¹
257 3123 294 3180 ln
306 3132 457 3202 postrema
473 3119 531 3180 hac
539 3119 686 3182 historiae
698 3141 770 3181 suae
784 3131 868 3200 parte
882 3123 1038 3196 Zosimus,
1067 3129 1228 3199 postquam
1243 3117 1277 3176 in

149 3211 166 3242 ¹
173 3209 376 3285 superioribus
388 3209 701 3288 maximeEunapium
713 3207 821 3265 ducem
833 3205 949 3282 habuit,
966 3204 1172 3286 Olympiodori
1184 3221 1274 3277 nunc,

172 3294 325 3372 scriptoris
346 3295 496 3375 aequalis,
527 3293 631 3352 diserti
652 3303 683 3351 et
704 3291 763 3351 fide
787 3291 974 3371 dignissimi,
998 3291 1132 3368 vestigiis
1154 3291 1274 3364 insistit,

173 3379 299 3457 eiusque
315 3379 442 3456 Sylvam
455 3375 589 3457 (Ὕλην)
602 3382 643 3437 ita
657 3381 806 3458 sequitur,
830 3391 976 3458 quantum
990 3379 1103 3436 scilicet
1119 3391 1277 3453 compara-

172 3464 254 3519 tione
269 3467 417 3542 epitomae
432 3485 449 3523 a
464 3462 572 3524 Photio
589 3465 740 3522 confectae
756 3475 786 3522 et
800 3462 943 3522 historiae
955 3466 1113 3521 Zosimese
1129 3461 1278 3538 intelligi-

173 3556 238 3621 tur,
261 3558 294 3605 ut
315 3551 460 3609 rationem
479 3562 510 3609 et
529 3549 666 3609 ordinem
682 3548 813 3608 eiusdem
825 3559 941 3625 servet,
971 3559 1001 3607 et
1017 3549 1069 3606 ubi
1085 3567 1131 3605 res
1147 3545 1278 3604 naturali

172 3633 293 3690 vinculo
307 3631 390 3692 haud
407 3639 582 3694 coniunctae
596 3634 795 3714 explicandae
811 3645 890 3710 sunt,
913 3653 931 3692 a
949 3653 1051 3692 rerum
1064 3633 1139 3692 serie
1156 3651 1225 3689 curn
1240 3649 1276 3688 eo

173 3714 328 3793 deflectat,
356 3721 450 3780 veluti
463 3723 496 3779 iu
511 3720 636 3780 historia
649 3723 835 3779 Constantini
850 3722 988 3799 tyranni,
1011 3738 1088 3798 quae
1100 3718 1191 3796 paulo
1207 3717 1278 3795 qui·

173 3800 244 3877 dem
258 3806 388 3880 seriore,
422 3805 578 3865 commodo
596 3818 700 3864 tamen
720 3808 786 3865 loco
809 3808 926 3883 integra
950 3814 980 3863 et
1001 3805 1068 3862 aliis
1084 3801 1168 3861 haud
1181 3804 1278 3858 inter·
1319 3867 1321 3870 ¹

172 3899 260 3967 rupta
284 3901 447 3949 enarratur.
490 3891 601 3950 iudicio
620 3895 778 3952 zosimum
802 3910 856 3949 suo
882 3909 947 3948 esse
972 3909 1062 3947 usum
1084 3907 1140 3945 neo
1163 3897 1278 3944 temere

172 3976 380 4033 auctoritatem
396 3975 480 4035 ducis
492 3980 540 4036 sui
554 3988 708 4052 secutum,
742 3986 918 4056 argumento
934 3985 1020 4033 erunt
1035 3975 1101 4031 loca
1115 3975 1149 4029 in
1166 3971 1276 4052 quibus

172 4059 210 4116 ab
227 4059 442 4140 Olympiodoro
456 4061 599 4137 discedit,
629 4073 659 4121 et
677 4065 754 4136 alia,
785 4081 862 4142 quae
883 4062 932 4119 vel
953 4063 987 4118 in
1008 4060 1156 4118 breviario
1174 4054 1276 4115 Photii

171 4145 262 4222 paulo
277 4147 426 4224 prolixius
440 4158 509 4207 sunt
524 4149 690 4228 explicata,
719 4146 868 4207 docebunt
887 4155 1034 4227 quantum
1049 4147 1088 4204 sit
1105 4145 1139 4201 in
1151 4144 1274 4201 Zosimo

170 4229 325 4290 brevitatis
341 4231 483 4309 studium,
506 4233 588 4314 quod
606 4233 656 4292 vel
669 4233 881 4292 obscuritatem
892 4233 1047 4290 nonnullis
1060 4227 1180 4288 videtur
1194 4225 1275 4285 allh-

172 4311 252 4406 dipsa
266 4317 398 4400 100210·
412 4338 443 4400 ὅ·
456 4339 488 4401 P·
497 4316 560 4386 294
575 4323 618 4389 22
631 4337 710 4402 tqq„
732 4322 795 4386 800
809 4319 829 4384 5
842 4335 922 4401 sqq„
944 4317 1008 4382 324
1024 4315 1063 4382 15
1078 4311 1174 4399 sqq).
1196 4329 1275 4396 quaa
