3025 4892
216 249 289 326 104
687 253 840 324 zosflttl

315 425 376 498 38.
426 427 657 504 Κωνοταιτῖνος
672 426 707 493 δὲ
721 432 821 494 ταῦτα
839 417 1084 514 διαπραξάμενος
1097 420 1239 492 διετέλεσε
1252 427 1316 492 δω-

214 537 299 620 ρεαῖς
319 529 375 599 alx
397 529 430 596 ἐν
450 530 547 596 δέοντι
569 531 757 616 γινομέναις,
777 530 857 597 ἀλλά
871 525 914 609 ε’ἰς
926 529 1069 608 ἀναξίους
1084 532 1135 596 καί
1153 529 1317 618 ἀνωφελεῖς

214 630 414 720 ἀνθρώπους,
445 633 519 712 τούς
541 630 659 722 φόρους
679 635 875 715 ἐκδαπανεόν,
901 635 1038 710 καὶτοῖς
1061 633 1118 716 ’μέν
1142 633 1316 721 εἰσφέρουσι

212 733 368 822 γινόμενος
392 734 554 826 φορτικός,
578 736 651 816 τοὺς
673 739 707 803 dd
728 739 826 823 μηδὲν
849 737 976 826 ἀφελεῖν
991 737 1177 820 δυναμένους
1191 739 1316 803 πλουτί-

213 843 290 921 ζων·
314 839 371 924 τὴν
387 839 446 928 γάρ
463 840 597 906 ἀσωτίαν
612 837 712 927 ἡγεῖτο
728 844 915 930 φιλοτιμίαν.
965 831 1055 918 οὗτος
1069 843 1121 906 καὶ
1136 839 1192 923 τὴν
1207 842 1342 927 clepo-6

213 943 273 1032 ράν
298 940 427 1030 ἐπήγαγε
449 946 580 1031 χρυσίου
604 969 637 1010 τε
663 947 715 1011 uel
740 943 876 1034 ἀρμάρου
893 949 969 1011 πάσι
985 953 1050 1021 τοῖς
1067 941 1247 1028 ἀπανταχοῦ
1262 947 1319 1030 γῆς

214 1053 352 1130 μετιοῦσι
373 1047 431 1124 τάς
451 1049 600 1135 ἐμπορίας
619 1050 671 1113 καί
695 1059 761 1127 τοῖς
781 1051 814 1114 ἐν
836 1059 904 1127 ταῖς
919 1046 1024 1114 πόλεσι
1041 1048 1195 1114 πανωνίαν
1209 1071 1319 1133 προτι-

215 1155 298 1216 θεῖσι
307 1197 317 1229 ,
337 1151 426 1238 μέχρι
442 1153 494 1216 καί
511 1157 573 1216 τῶν
589 1151 826 1232 εὖτελεστάτων,
853 1153 924 1218 οὐδὲ
947 1153 1104 1234 δυστυχεῖς
1120 1147 1244 1236 ἑταίρας
1258 1147 1318 1226 ἐξω

215 1251 331 1338 ταύτης
347 1251 441 1331 ἐάσας
456 1259 511 1338 τῆς
526 1257 688 1342 εἰσφοράς,
713 1253 791 1322 ὥστε
808 1247 847 1342 ἦν
862 1259 935 1321 ἐιλεῖν
951 1256 1115 1338 μέλλοντος
1126 1260 1183 1319 τοῦ
1193 1276 1318 1339 τετραε-

216 1361 289 1435 τοῦς
312 1349 492 1424 ἐνίστασθαι
511 1355 642 1444 χράνου,
663 1359 743 1425 καθ’
770 1355 805 1424 ἀν
829 1357 888 1426 ἴδει
913 1363 1002 1423 τοῦτο
1023 1357 1058 1422 τὸ
1075 1358 1162 1433 τέλος
1180 1355 1317 1443 είοφίρε-
1326 1365 1362 1418 10

216 1465 313 1540 σθαι,
347 1457 485 1548 θρήνους
509 1461 569 1526 ἀνά
590 1467 694 1528 πάσαν
717 1459 806 1528 πάλιν
826 1465 878 1528 καί
900 1457 1070 1548 ἀδυρμοάς,
1103 1457 1263 1535 ἐνστάντος
1286 1457 1320 1524 δέ

216 1558 368 1648 μάστιγας
382 1565 433 1628 καὶ
447 1561 604 1648 βασάνους
619 1567 838 1654 ἐπιφερομένας
854 1576 918 1643 τοῖς
931 1563 1054 1649 σώμασι
1071 1569 1133 1628 τῶν
1150 1562 1202 1628 διὰ
1216 1563 1320 1628 πενίαν

217 1663 349 1750 ἐσχάτην
374 1669 483 1752 ζημίας
504 1663 673 1754 ἀπενεγκεῖν
693 1669 738 1754 μὴ
766 1670 950 1753 δυναμένων.
1000 1667 1061 1753 ἤδη
1080 1668 1114 1733 δέ
1128 1669 1179 1732 nai
1194 1665 1321 1752 μητέρες

206 1768 365 1851 Ιἀπίάοντο
381 1771 454 1848 τοὺς
466 1775 595 1851 παῖδας,
618 1775 669 1837 καῖ
685 1774 812 1860 πατέρες
827 1775 874 1838 ἐπί
890 1774 1027 1861 πορνείου
1043 1771 1218 1858 θυγατέρας
1232 1765 1323 1851 ἐστή-

219 1897 330 1952 σαντο,
352 1875 384 1938 ἐκ
404 1881 460 1958 τῆς
477 1873 595 1942 τούτων
619 1877 761 1962 ἐργασίας
783 1873 928 1964 ἀργάριον
949 1885 1013 1951 τοῖς
1030 1881 1087 1940 τοῦ
1104 1868 1321 1960 χρυσαρχάρου
1329 1877 1363 1934 15

219 1973 406 2063 πράκτορσιν
428 1980 600 2062 είσενεηκεῖν
623 1976 817 2063 ἐπειγόμενοι.
867 1975 1054 2060 βουλόμενος
1075 1977 1109 2041 di
1135 1977 1185 2039 καὶ
1206 1983 1270 2050 τοῖς
1290 1975 1323 2038 ἐν

220 2083 348 2168 λαμπρᾷ
361 2075 437 2165 τάχη
451 2082 630 2166 περινοῆσαί
639 2107 669 2146 τι
684 2078 821 2168 λυπηρόν
826 2128 837 2160 ,
858 2083 984 2146 ἕκαστον
997 2082 1039 2156 είς
1050 2076 1105 2163 τὴν
1118 2083 1175 2142 τοῦ
1186 2079 1323 2162 πραίτω-

220 2205 275 2264 ρος
295 2181 384 2258 ἀξίαν
406 2179 523 2262 ἐκάλει,
545 2185 597 2248 nai
614 2189 659 2271 τῷ
671 2181 909 2268 προκαλύμματι
921 2189 976 2268 τῆς
991 2187 1082 2266 τιμῆς
1096 2177 1231 2269 ἀργύρου
1246 2204 1323 2245 στα·
1362 2237 1366 2244 .

220 2283 305 2365 θμὸν
326 2281 433 2371 ἀπῄτει
452 2283 557 2350 πολάν.
607 2277 714 2370 ἦνοάν
730 2289 804 2351 ίάεῖν
817 2293 879 2352 τῶν
895 2288 937 2364 είς
953 2291 1043 2351 τοῦτο
1056 2285 1244 2370 τεταγμένων
1256 2285 1323 2348 ἐπι-

221 2383 399 2470 δημούντων
413 2397 481 2465 ταῖς
493 2387 598 2453 πόλεσι
611 2389 711 2476 φυγὴν
725 2386 868 2456 ἀπάντων
882 2392 933 2456 καί
947 2389 1122 2474 ἀποδημίαν
1138 2384 1365 2475 ἀλλάφυλονβί)

222 2491 281 2555 δέει
303 2497 359 2556 τοιῖ
380 2489 425 2576 μὴ
450 2490 507 2559 orla
526 2491 661 2585 ἀπωλείηι
685 2499 741 2577 τῆς
766 2493 872 2571 οὐσίας
894 2490 1008 2577 ταύτης
1027 2502 1128 2576 τυχεῖν
1148 2497 1204 2576 τῆς
1224 2490 1321 2569 ἀξίας.

288 2703 306 2756 8
323 2701 465 2757 Godofred.
478 2705 511 2788 ad
529 2705 584 2759 cod.
596 2703 654 2762 Tb..
669 2704 718 2759 tt
736 2702 792 2788 pf
807 2705 935 2760 Zosimnm
952 2707 1032 2788 putat·
1042 2703 1069 2757 ln
1087 2703 1247 2760 tabernariis
1264 2703 1282 2758 l.
1301 2721 1324 2762 e.
1429 2761 1432 2775 p

289 2771 412 2824 tabernas
422 2775 605 2843 negotratorias
617 2777 796 2829 exercentibus
809 2778 908 2846 lapsum
919 2793 989 2841 ουτος
1007 2775 1033 2827 bt
1048 2791 1110 2826 vero
1125 2775 1325 2842 chrysargyrum

291 2841 442 2965 scplrvtelppnm
458 2861 511 2899 non
521 2844 676 2900 meretrices
693 2845 727 2900 R.
809 2848 842 2902 12
859 2843 909 2902 διά
920 2845 1021 2908 πενίας
1028 2838 1143 2922 ἐσχάτης
1153 2843 1252 2912 ζημίαν
1262 2843 1324 2896 ura

291 3097 334 3151 na.
370 3097 499 3152 mumm-
513 3099 697 3155 consummo
713 3100 753 3154 m
772 3100 809 3154 ιιι
827 3099 950 3171 perfectis
968 3097 1103 3154 amunte
1115 3053 1170 3151 'son
1190 3095 1324 3150 omnum
1433 3077 1437 3088 '

222 3165 361 3233 vectigalia
380 3168 570 3236 largitionibus,
586 3187 655 3240 quas
673 3188 723 3223 non
741 3171 784 3222 ubl
797 3187 845 3240 par
855 3179 927 3236 erat,
944 3169 990 3222 sed
1000 3170 1028 3222 in
1039 3167 1152 3220 homines
1162 3165 1281 3234 indignos
1293 3182 1325 3218 ac

223 3235 327 3287 inutiles
346 3237 450 3289 fiebant.
486 3246 514 3290 ct
533 3239 696 3291 collatoribus
710 3238 811 3306 quidem
822 3239 974 3291 tributorum
986 3237 1073 3306 gravis
1085 3243 1156 3302 erat,
1173 3235 1230 3288 illos
1239 3243 1325 3288 autem

224 3305 371 3357 cumulabat
384 3306 476 3374 opibus
506 3305 532 3358 ui
543 3307 604 3358 nulli
615 3325 672 3360 esse
683 3307 739 3359 usui
750 3315 881 3376 poterant:
900 3323 957 3360 nam
975 3305 1144 3376 profusionem
1159 3321 1207 3374 pro
1226 3304 1326 3357 munili-

223 3373 310 3424 centia
327 3374 446 3428 ducebat.
480 3323 547 3426 idem
566 3381 593 3426 et
610 3377 665 3428 auri
678 3376 829 3444 argentique
840 3376 999 3428 collationem
1010 3375 1132 3445 imposuit
1142 3373 1258 3426 omnibus
1269 3373 1328 3425 ubi-

224 3457 275 3508 que
285 3451 413 3494 terrarum
424 3441 610 3510 negotiationes
622 3445 799 3497 exercentibus
811 3452 838 3496 et
848 3445 1005 3498 dardanariis
1016 3445 1165 3514 oppidorum
1174 3463 1185 3508 ,·
1202 3443 1235 3494 ad
1256 3442 1327 3496 villa·

224 3511 408 3630 tlt’tttt’
427 3511 921 3635 ''ttttfittllttt't'llltlw
932 3513 1069 3636 ‘lili‘
1080 3513 1328 3635 llttltnltttt

225 3623 385 3714 pendendum
397 3596 475 3714 'erim
492 3597 576 3702 meris
585 3669 633 3722 per
643 3599 820 3704 orinaqmbes
833 3600 990 3705 lacrlraatlslieet
1001 3601 1131 3722 plo’raiusr
1150 3652 1193 3703 ubi
1205 3667 1267 3704 nero
1278 3650 1327 3702 iarn

225 3715 389 3784 advenisset,
406 3717 507 3771 nonnisi
518 3719 601 3786 flagra
613 3727 788 3790 tormentaque
800 3722 949 3792 corporibus
959 3737 1046 3774 eornm
1056 3721 1185 3784 adhibita,
1203 3719 1247 3789 qui
1264 3737 1328 3801 pro-

226 3792 286 3844 pter
305 3793 482 3856 paupertatem
501 3797 641 3842 extremam
659 3791 788 3842 sustinere
804 3789 928 3843 iacturam
941 3791 1006 3841 banc
1017 3807 1067 3841 non
1078 3796 1193 3859 possent.
1229 3805 1289 3855 qum
1301 3793 1328 3839 et

226 3853 321 3906 llberos
338 3854 412 3925 ipsae
425 3863 520 3909 matres
529 3857 723 3927 distrahebant,
749 3865 777 3911 et
790 3867 878 3928 patres
891 3859 958 3910 filias
970 3859 1171 3928 proatituebant‚
1197 3875 1229 3910 ex
1242 3859 1329 3908 barum

246 3931 336 3975 uaestu
353 3925 520 3994 chrysargyri
537 3928 699 3982 exactoribus
714 3929 848 3999 pecuniam
867 3928 963 3982 offerre
974 3927 1063 3980 coacti.
1100 3943 1205 3996 uimque
1216 3925 1328 3996 splendi-

227 3941 307 4043 lteris
328 3991 405 4046 otiltm
425 3996 545 4048 fortunae
557 3996 699 4050 bominibus
711 3997 859 4065 excogitare
869 3997 986 4068 quiddam
997 3997 1077 4048 vellet
1088 3995 1155 4066 quod
1168 3996 1204 4046 ela
1215 3995 1328 4046 dolorem

228 4061 344 4125 afferret,
361 4063 501 4131 quemlibet
510 4067 598 4117 borum
609 4066 642 4118 ad
655 4073 793 4136 praeturae
804 4066 951 4136 dignitatem
964 4067 1083 4126 vocabat,
1100 4072 1128 4117 et
1139 4063 1240 4116 bonoria
1250 4079 1329 4146 prae·

228 4137 302 4181 textu
314 4147 432 4200 magnum
443 4133 566 4202 pecuniae
610 4135 818 4204 ndusexigebat.
852 4135 944 4189 iccirco
954 4134 1056 4204 quoties
1068 4133 1100 4185 ad
1111 4133 1188 4185 nrbes
1200 4137 1329 4183 venissent

229 4199 273 4266 qui
285 4199 360 4252 buius
370 4201 408 4252 rei
417 4201 563 4255 mandatum
593 4205 713 4271 abebsnt,
725 4205 814 4258 ridere
824 4211 881 4258 erat
891 4206 977 4273 fugam
990 4204 1098 4256 omnium
1110 4209 1136 4253 at
1147 4201 1328 4270 profectionem

228 4267 261 4321 ad
282 4274 435 4337 extraneos,
451 4272 617 4326 metientium
636 4291 670 4327 ns
688 4290 744 4327 cum
764 4275 915 4329 facultatum
932 4273 1084 4328 detrimento
1102 4269 1251 4340 dignitatem
1266 4271 1330 4324 banc

662 4549 673 4580 Ι
