3025 4892
520 300 643 373 emt
669 302 755 372 CAP-
781 306 834 369 82.
855 306 909 369 stt
1189 305 1262 377 211

158 485 217 562 βον
238 478 367 543 ἐκτελῶν
388 478 432 554 τίς
451 475 507 560 τὴν
523 470 848 541 Κωνσταντινοόπολιν
869 468 981 562 είσῄει,
1006 480 1068 541 τῶν
1085 478 1142 559 μίν
1155 484 1265 543 κοινῶν

161 578 365 665 ἀτυχημάτων
390 580 500 645 οδδίνα
525 577 706 662 ποιούμενος
727 574 836 663 λόγον,
872 579 1067 644 συνεκτείνων
1088 581 1123 647 di
1145 588 1190 667 τῷ
1210 590 1267 665 τῆς

160 682 278 761 πόλεως
297 683 419 769 μεγέθει
439 682 497 767 τὴν
518 688 574 767 τῆς
595 687 716 770 τρυφῆς
733 680 890 766 ἀμετρίαν.
940 676 1007 746 itt
1020 683 1166 762 βασιλεδς
1178 686 1210 747 Γ
1205 712 1266 773 ρα-

160 788 265 864 ττανδς
294 787 329 852 οδ
359 789 490 874 μετρίως
516 788 565 851 ἐπί
588 785 848 869 τοῒς.άγγελθεῖσι
869 788 1095 869 συνταραχθείς
1117 790 1265 877 στρατιὰν

137 891 318 977 δάρκοῦσαν
334 890 483 973 ἐξίπεμψε
492 936 502 967 ,
523 885 669 955 Βαόδωνι
682 894 727 974 τῷ
743 893 905 974 στρατηγῷ
918 885 1033 971 ταύτην
1045 888 1221 976 παραδοός,
1241 882 1270 979 ᾧ

162 998 214 1059 καὶ
225 991 434 1080 Ἀρβοχάστην
449 992 656 1075 συνέπεμψεν·
686 990 783 1077 όμφω
804 992 838 1056 δὲ
857 982 938 1074 ἦσαν
956 987 1095 1076 Φράγκοι
1115 992 1151 1057 sd
1172 994 1268 1077 γένος,

162 1090 246 1165 siml
260 1122 293 1161 τε
308 1095 432 1184 σφόδρα
442 1092 605 1177 Ῥωμαίοις
619 1097 670 1161 καί
684 1092 855 1180 χρημάτων
870 1090 914 1172 ὥς
927 1091 1064 1174 μάλιστα
1078 1093 1270 1181 άδωρότατοι

162 1202 298 1287 καὶπερὶ
313 1198 499 1282 τάπολίμια
514 1197 658 1287 φρονήσει
675 1200 726 1263 καί
743 1198 1041 1283 άλκῇδιαφίροντες.
1071 1198 1270 1282 τοότιυνάμα
1321 1259 1324 1266 .

162 1311 202 1391 τῇ
229 1309 358 1393 στρατιᾷ
381 1314 446 1380 τοῖς
468 1302 548 1367 κατὰ
572 1304 774 1368 Μακεδονίαν
805 1304 856 1365 καί
883 1301 1058 1365 Θεσσαλίαν
1084 1302 1272 1368 ἐπιστάντων

120 1424 156 1478 1⁰
161 1410 288 1493 χωρίοις
294 1456 304 1485 ,
338 1407 366 1471 οἶ
383 1407 422 1470 τά
437 1410 509 1492 τῇδε
525 1404 683 1488 νεμόμενοι
699 1402 823 1470 Σκόθιιι
843 1404 876 1469 ὲκ
898 1409 1060 1488 προοιμίου
1080 1412 1136 1469 τοῦ
1153 1405 1273 1493 ppassi-

163 1535 263 1593 ματος
282 1516 344 1574 ταῖν
369 1509 490 1595 ἀνδρῶν
514 1512 566 1573 καί
589 1516 646 1593 τῆς
668 1508 873 1594 προαιρέσεως
889 1504 1143 1588 συναισθόμενοι,
1168 1536 1273 1595 παρα-

162 1620 271 1698 χρῆμα
291 1618 353 1677 τῶν
375 1610 477 1677 τόπων
500 1608 658 1689 ἐκστάντες
680 1612 729 1675 ἐπὶ
744 1609 800 1692 τὴν
820 1606 948 1700 Θρᾴκην
962 1608 1204 1695 ἐπαλινδρόμουν
1219 1639 1275 1677 πε·

165 1716 366 1802 πορθημίνην
382 1711 439 1778 ὑπ’
458 1714 559 1779 αὐτῶν
575 1712 738 1802 πρότερον,
763 1714 817 1777 καλ
836 1711 855 1777 ὅ
875 1740 906 1778 τι
929 1710 1076 1799 πράξαιεν
1090 1713 1276 1800 ἀποροῦντες

167 1821 216 1883 tut
240 1817 296 1901 τὴν
320 1814 430 1899 δμοίαν
453 1824 493 1904 τῇ
522 1814 670 1904 πρότερον
700 1817 846 1905 ἐφίροντο
873 1824 981 1902 πεῖραν
1003 1819 1055 1881 καί
1081 1828 1146 1893 τοῖς
1171 1816 1277 1895 αὐτοῖς

127 1938 160 1993 15
168 1919 316 2007 παράγειν
346 1920 399 1985 τὸν
427 1922 559 2003 βασιλέα
588 1918 755 1987 Θεοδόσιον
779 1921 968 2006 ἐπεχείρουν·
1003 1917 1195 2000 αὐτομόλους
1214 1922 1276 2005 γάρ

167 2025 300 2107 δ’πεμπον
318 2020 361 2100 ὡς
377 2024 471 2089 αὐτὸν
484 2026 679 2115 ἐλαχίστους,
702 2023 822 2090 εόνοιαν
838 2026 889 2087 καί
903 2026 1082 2106 συμμαχίαν
1096 2029 1147 2089 καί
1163 2031 1225 2088 πᾶν
1239 2024 1277 2089 τό

168 2125 432 2215 προσταττόμενον
444 2124 712 2210 δπισχνουμίνους.
735 2129 786 2193 καί
799 2126 903 2210 ἐπειδὴ
913 2133 1011 2191 ταῦτα
1024 2127 1144 2211 λίγυυσι
1153 2124 1278 2192 πιστεό-

169 2256 228 2307 σας
244 2233 360 2313 ἐδέχετο
377 2233 428 2295 καὶ
445 2228 548 2315 addis}
563 2228 669 2318 πρώτη
687 2240 777 2315 πεῖρα
794 2232 925 2295 δέδωκεν
942 2230 1028 2316 αὐτῷ
1047 2228 1084 2295 τό
1104 2235 1280 2295 λυσιτελοῦν

170 2336 256 2413 λδεῖν,
275 2332 529 2418 ἐπηκολούθησαν
546 2336 597 2399 καὶ
611 2336 660 2398 int
674 2333 794 2410 τοάτσις
806 2336 912 2420 ἕτεροι,
927 2335 978 2397 καὶ
993 2330 1110 2409 πάντας
1124 2336 1279 2419 προσίετο,

129 2441 223 2510 ωκαλ
236 2435 328 2503 πάλιν
343 2439 391 2501 ἐπί
404 2448 468 2514 τοῖς
484 2435 666 2518 αὐτομόλοις
678 2437 717 2503 τά
734 2436 902 2524 πράγματα
916 2427 955 2519 ἦν
972 2434 1024 2501 δεδι
1041 2436 1097 2520 τὴν
1114 2444 1172 2501 τοῦ
1183 2444 1279 2518 βασι-

172 2542 247 2617 λέως
262 2537 454 2624 ἠλιθιότητα.
506 2538 620 2624 ταύτην
642 2542 675 2605 δὲ
698 2540 822 2627 ἔτρεφεν
841 2537 862 2623 ἢ
883 2546 940 2623 τῆς
960 2547 1079 2625 τρυφῆς
1102 2539 1231 2623 ἄσκησις
1246 2543 1280 2605 ίν

173 2644 268 2731 αὐτῷ.
320 2640 420 2706 πάντα
436 2642 494 2727 γάρ
510 2640 569 2707 ὅσα
584 2642 661 2728 πρδς
674 2643 764 2725 ἠθῶν
780 2643 871 2727 ἀρκεῖ
879 2644 929 2705 καὶ
942 2645 1013 2722 ,δίου
1026 2641 1214 2728 διαφθοράν,
1231 2646 1281 2707 tut

172 2753 229 2833 τῆς
244 2742 352 2813 τοάτου
369 2748 529 2828 βασιλείας
550 2741 702 2829 τοσαότην
724 2746 859 2812 ἐπίδοσιν
879 2742 968 2828 ἴσχεν
985 2743 1062 2810 ὥστε
1079 2741 1196 2821 πάντας
1209 2770 1281 2828 σχε-

246 2923 263 2979 6
282 2922 451 2993 Symmachus
468 2926 495 2976 et
511 2918 553 2975 alii
568 2922 711 2981 anomoei.

174 3076 240 3131 riam
253 3093 398 3147 peragens,
421 3074 521 3146 cpolim
534 3074 691 3145 ingreditur,
710 3074 804 3129 nnllam
815 3074 976 3146 publicorum
986 3092 1092 3130 ossuum
1102 3073 1226 3131 rstionem
1236 3076 1287 3129 ia·

176 3150 256 3211 bens,
283 3156 311 3199 et
327 3162 383 3199 oum
404 3146 475 3199 urbis
493 3145 664 3213 magnitudine
684 3144 832 3197 deliciorum
851 3162 883 3197 ac
894 3146 1033 3215 voluptatis
1044 3146 1199 3199 immodicum
1213 3163 1287 3199 osum

195 3216 323 3283 orrigens.
359 3223 388 3267 st
402 3214 542 3283 imperator
556 3216 695 3267 Gratianus
715 3216 803 3267 harum
824 3231 909 3265 renim
922 3216 1008 3267 οσιιάο
1020 3232 1070 3266 non
1082 3231 1170 3284 parum
1183 3224 1287 3284 pertun

178 3234 255 3337 δεῖσε
267 3283 331 3337 satis
344 3301 447 3351 magnas
460 3284 548 3351 copias
560 3284 673 3352 ablegat,
693 3284 807 3335 Bandoni
820 3282 878 3334 duci
891 3284 1012 3347 traditas3
1031 3299 1087 3335 eum
1101 3300 1152 3351 quo
1162 3294 1190 3337 et
1201 3283 1288 3338 Arbo-

180 3361 278 3419 gastem
291 3352 378 3405 mittit.
401 3362 476 3405 erant
487 3360 572 3405 sutem
585 3352 658 3405 ambo
670 3352 774 3405 natione
784 3350 877 3405 Franci
889 3351 1043 3405 amicissimis
1053 3350 1078 3403 in
1090 3352 1218 3405 Romanos
1230 3353 1288 3405 ani·

180 3419 698 3542 tlatbtltlltllllt'ttttll‘
710 3420 1288 3559 ¹²¹⁰t⁰tlll⁰ltnltlllt⁵litut

181 3558 248 3610 niam
262 3506 474 3626 'l'phessaliamque
485 3507 814 3641 perienidentfmqmpres
833 3558 892 3609 istio
909 3560 1021 3626 agebant
1033 3509 1152 3611 fercibsnt
1162 3531 1299 3626 Scythae,¹

182 3644 241 3679 τοοκ
253 3626 287 3676 ab
300 3625 405 3677 exordio
418 3636 520 3692 cognite
532 3628 619 3680 ltorusn
634 3630 741 3680 audacia
753 3638 781 3681 et
791 3626 919 3688 instituto,
937 3626 1000 3681 locis
1009 3626 1042 3681 iis
1052 3627 1150 3684 relictis
1160 3628 1187 3683 in
1200 3630 1290 3683 Τίτιο-

182 3695 247 3747 eiam
261 3700 398 3746 recurrunt
409 3696 479 3763 prius
492 3696 525 3748 ab
537 3696 573 3748 eis
585 3705 726 3761 vastatam3
745 3704 773 3749 et
784 3695 846 3765 quid
857 3704 967 3763 agerent
976 3696 1143 3764 ambigentes,
1159 3698 1190 3748 ad
1204 3698 1289 3749 dolum

180 3763 272 3819 malum
286 3762 367 3832 priori
378 3763 483 3815 similem
497 3772 706 3826 reconventum,
726 3775 753 3818 et
765 3765 854 3817 iisdem
865 3765 964 3816 artibus
975 3764 1152 3833 imperatorem
1164 3765 1290 3817 Theodo-

180 3832 246 3886 sium
259 3832 444 3884 oiroamvenire
456 3842 589 3887 conentur.
624 3833 781 3887 conditionis
799 3832 864 3885 enin
884 3834 1019 3887 vilissimae
1030 3834 1175 3900 transfugas
1187 3834 1219 3884 sd
1232 3850 1290 3885 eum

181 3902 303 3967 inituim,
322 3898 367 3970 qui
380 3908 407 3953 et
417 3902 620 3955 benevolentiam
633 3912 659 3956 et
670 3904 820 3955 societatem
831 3909 858 3953 et
870 3904 984 3954 isauros
994 3920 1024 3954 se
1034 3902 1154 3984 quiequid
1166 3904 1291 3972 imperas·

181 3980 224 4024 set
236 3968 426 4039 pollicerentur.
465 3988 521 4023 oum
533 3972 597 4023 haec
609 3972 751 4024 dicentibus
762 3971 837 4023 iidem
849 3971 971 4023 adhibens
982 3986 1028 4023 eos
1039 3978 1199 4039 susciperet,
1225 3970 1292 4021 ism-

182 4058 234 4109 que
254 4058 286 4092 ne
307 4039 387 4109 priori
406 4038 510 4107 quidem
526 4040 700 4109 experimento
719 4048 873 4093 consecutus
893 4039 985 4092 luisset
1001 4047 1031 4091 ut
1048 4040 1117 4109 quod
1136 4046 1205 4091 esset
1217 4057 1250 4091 ex
1263 4058 1292 4092 ιο

185 4116 320 4172 cerneret,
343 4108 427 4161 secuti
447 4118 506 4162 sunt
525 4109 572 4161 hos
589 4118 616 4160 et
636 4110 691 4175 alii,
716 4126 781 4178 quos
798 4108 937 4161 omnesille
949 4108 1096 4177 recipiebat
1135 4108 1293 4178 iamqueres

184 4176 250 4229 adeo
266 4192 356 4229 rursus
373 4177 399 4229 in
420 4184 547 4247 potestate
563 4180 749 4247 transfugarum
769 4186 875 4248 propter
887 4177 1052 4229 stoliditatem
1067 4176 1188 4247 principis
1208 4184 1291 4230 erant.

186 4260 241 4298 eam
264 4246 429 4299 stoliditatem
447 4247 472 4299 iu
492 4246 549 4315 ipso
563 4246 709 4299 deliciarum
724 4256 751 4299 et
770 4247 830 4300 volu
850 4245 911 4297 tatis
926 4261 988 4297 usus
1002 4246 1096 4300 alebat.
1132 4264 1187 4296 uam
1199 4246 1293 4311 omnis,

186 4330 353 4387 quaestusque
365 4316 559 4387 corrumpendis
570 4316 680 4371 moribus
693 4324 721 4371 ot
731 4316 803 4372 vitae
844 4314 1064 4384 minutissimo,
1090 4317 1141 4368 hoo
1150 4315 1294 4385 imperante
