3025 4892
565 282 646 349 LIB.
672 281 692 347 4
720 280 876 347 csP.to.
898 287 949 348 17.
1234 284 1302 353 191

204 482 236 521 τε
253 458 305 521 καὶ
321 458 460 533 Μυσοῖς·
487 458 543 519 τοῶ
560 452 619 542 γάρ
637 453 803 519 Κελεστίου
818 452 872 521 τὸν
888 448 1006 521 τοότων
1020 450 1155 539 ἄρχοντα
1171 455 1305 521 πίστεσιν

205 557 339 645 ἓνόρκοις
360 553 608 645 παραγαγόντος,
629 554 789 637 άνελόντος
801 582 833 623 τε
847 553 929 646 δόλῳ
943 563 999 640 τῆς
1010 560 1158 645 τραπίζης
1169 556 1211 623 i'ss
1225 585 1301 646 προ-

204 663 358 745 κειμίνης,
385 658 507 738 είκότως
532 662 562 725 oi
582 658 739 749 βάρβαροι
761 666 817 745 τῆς
833 658 947 749 ίφόδου
963 658 1079 745 ταότην
1092 660 1209 744 ἔχοντες
1225 661 1304 749 πρό-

205 791 300 853 φασιν
316 764 388 842 τοδς
402 768 469 851 περὶ
488 763 541 829 τδν
548 762 668 850 Ἴστρον
680 766 831 849 ἐληίζοντο
837 813 849 845 ,
874 770 951 844 πᾶν,
971 763 1005 829 εί
1014 790 1043 829 τι
1060 770 1120 831 τῶν
1133 762 1251 830 πόλεων
1266 758 1304 851 ἦν

178 867 307 962 Sintis,
334 866 558 955 διαρπάζοντες.
609 867 689 933 diti
709 871 844 945 Παίονες
856 868 913 950 μίν
928 870 971 943 είς
984 864 1124 955 άρπαγὴν
1141 878 1205 947 τοῖς
1220 876 1302 957 βαρ-

200 970 311 1059 βάροις
335 972 522 1059 προίκειντο,
550 977 612 1037 τῶν
633 978 827 1059 στρατιωτῶν
850 973 983 1054 ἐκμελῶς
998 970 1125 1060 πρδςμτδ
1140 969 1302 1060 φυλάττειν

200 1075 257 1153 τὰς
278 1073 380 1151 πόλεις
402 1073 532 1159 ἐχόντων
552 1076 604 1139 καὶ
627 1084 690 1153 τοῖς
714 1075 861 1161 ίνδοτίρω
879 1081 935 1141 τοῦ
956 1081 1098 1158 ποταμοῦ
1118 1072 1224 1153 τόποις
1245 1075 1302 1159 οὔχ

199 1169 290 1263 ἧττον
311 1177 332 1263 ἢ
355 1178 385 1243 oi
405 1176 562 1265 βάρβαροι
586 1176 869 1267 παρενοχλούντων·
891 1180 1005 1245 Μυσία
1029 1179 1063 1245 δὲ
1084 1177 1207 1255 οῧδενὸς
1222 1180 1302 1244 ίπιι-

200 1279 286 1367 ράθη
311 1288 408 1347 nasot
417 1330 427 1361 ,
462 1282 630 1349 Θεοδοσίου
656 1288 712 1349 τοῦ
734 1282 792 1365 τὴν
813 1281 1034 1367 στρατιωτικὴν
1058 1280 1156 1369 ἀρχὴν
1181 1281 1301 1364 δ’χοιτος

157 1395 191 1451 10
199 1385 344 1473 άνδρείως
367 1384 477 1451 στάντο
515 1388 566 1451 uui
583 1386 655 1463 τοδς
672 1382 811 1462 ἐπιόντας
823 1383 1067 1466 άπαδιιόξαντος,
1088 1382 1163 1451 ὅθεν
1177 1389 1210 1451 ἐκ
1224 1383 1301 1452 roai-

197 1515 253 1573 της
276 1496 332 1573 τῆς
359 1491 444 1573 νίκης
472 1412 567 1567 δόξαν
586 1487 775 1573 κτησάμενος
798 1488 883 1571 ἴτυχε
904 1488 983 1571 μετὰ
1008 1497 1106 1555 ταῦτα
1129 1496 1186 1573 τῆς
1205 1496 1297 1572 βασι-

197 1596 289 1669 λείας.
342 1592 422 1656 ἀλλὰ
445 1599 542 1656 ταῦτα
562 1594 619 1675 μίν
642 1595 674 1657 ἓν
695 1601 759 1669 τοῖς
775 1594 895 1669 οίαειόις
911 1589 1145 1679 άφηγηδῆσεται
1161 1591 1298 1677 χρόνοις·

197 1696 291 1780 (17)
322 1694 571 1771 Οὐαλεντινιανδς
585 1696 618 1760 δὲ
632 1695 687 1777 τὴν
702 1695 796 1777 ἀκοὴν
810 1701 873 1761 τῶν
884 1694 1136 1780 άπαγγελθίντων
1149 1696 1205 1760 οὖν
1215 1696 1299 1781 ίνεγ-

196 1794 277 1879 κῶν,
303 1800 336 1863 ix
352 1801 479 1863 Κελτῶν
497 1795 635 1886 ὁρμήσας
650 1801 697 1864 ini
713 1799 769 1881 τὴν
779 1799 931 1885 Ἰλλυρίδα
944 1800 1092 1880 διίβαινε,
1112 1796 1299 1882 βουλευόμε-

154 1911 188 1968 15
196 1926 248 1977 νος
268 1904 409 1989 περὶτοῦ
426 1900 504 1989 πρὸς
519 1900 684 1979 Κουάδους
700 1904 750 1967 καὶ
769 1899 976 1988 Σαυρομάτας
991 1903 1136 1985 πολίμοα.
1186 1906 1298 1989 Μερο-

146 2044 152 2053 ·
193 2000 315 2089 βαόδην
335 2006 384 2085 dd,
409 2013 635 2093 στρατιωτικῶν
658 2002 754 2093 ἔργων
775 2006 932 2092 ίμπειρίαν
955 2004 1032 2089 ἴχειν
1050 2005 1136 2093 παρὰ
1151 2005 1223 2082 τσδς
1240 2004 1298 2071 άλ-

193 2114 267 2186 λους
281 2110 445 2189 δοκοῦντα,
463 2110 577 2186 παντὸς
592 2113 649 2175 τοῦ
662 2109 871 2196 στρατοπίδου
884 2113 1056 2196 προίστησι.
1106 2115 1163 2175 τοῦ
1182 2110 1215 2175 δι’
1231 2136 1298 2192 χει-

192 2218 295 2295 μῶνος
305 2212 391 2299 παρὰ
407 2212 441 2279 td
457 2214 570 2289 εἰωθὸς
581 2214 763 2290 ἐνταθέντας
765 2260 776 2293 ,
799 2210 939 2279 ἔστελλον
952 2213 1030 2300 πρὸς
1040 2211 1134 2277 αῧτδν
1146 2213 1176 2278 oi
1189 2211 1296 2279 Κουά-

194 2317 242 2381 δοι
256 2312 544 2403 Ιτιρεσβείαςλόγους
557 2312 633 2404 δπὲρ
646 2316 681 2383 τὸ
694 2317 819 2405 μέτριον
835 2316 999 2404 φίροντας,
1025 2316 1079 2404 ἐφ’
1094 2312 1141 2393 οἷς
1162 2316 1296 2381 Οὗαλεν-

150 2418 324 2495 maturanda
347 2417 576 2503 ἀγανακτήσας,
602 2422 653 2486 καί
675 2417 735 2485 ὕπὸ
757 2426 814 2503 τῆς
835 2418 913 2505 όγαν
933 2419 1026 2505 ὀργῆς
1048 2426 1236 2507 παραφορῶς
1259 2420 1296 2486 οὗ
1398 2426 1402 2433 ’

192 2519 298 2609 πόρρω
328 2519 500 2609 γενόμενος,
536 2525 666 2606 αἵματος
694 2521 836 2589 κάτωθεν
865 2523 1053 2605 ἀναχθέντος
1071 2525 1120 2589 ἐπὶ
1140 2523 1176 2589 τδ
1195 2522 1297 2607 στόμα
1365 2528 1369 2538 ’

191 2623 358 2709 ουσχόντος
374 2651 406 2693 τε
421 2626 478 2705 τὰς
493 2632 548 2711 τῆς
564 2634 669 2713 φωνῆς
683 2625 831 2715 ἀρτηρίας
846 2626 995 2708 λξίλιπεν,
1021 2628 1053 2692 ίν
1066 2629 1125 2710 μὲν
1136 2627 1293 2715 Ἰλλυριοῖς
1309 2650 1335 2689 α
1352 2637 1404 2692 375

261 2884 419 2955 Ίτρόποις
435 2888 491 2943 ΙιΡ.
614 2890 648 2943 12
664 2905 687 2941 e.
704 2887 747 2943 tt.
870 2888 904 2943 19
930 2886 1011 2941 malim
1027 2886 1178 2959 πρεσβείαν
1195 2885 1295 2958 λόγους

259 2952 331 3029 άπδρ
347 2954 380 3013 τό
398 2956 513 3029 μέτριον
529 2952 681 3033 φέρουσαν.
869 2978 873 2987 ’

190 3204 217 3251 et
236 3198 341 3251 Moesos
360 3196 492 3254 invadunt
528 3211 585 3249 nem
606 3194 676 3266 quod
692 3194 807 3267 ipsorum
825 3193 964 3265 principem
982 3192 1128 3247 Coelestius
1140 3192 1295 3264 interposite

189 3266 255 3335 tide,
272 3274 430 3321 sacramento
441 3265 607 3329 confirmata,
624 3266 827 3320 circumvenerat
837 3279 945 3333 eumque
955 3264 1047 3317 fraude
1058 3272 1212 3327 necaverat,
1229 3280 1292 3315 nee-

189 3336 247 3389 dum
264 3346 361 3389 remota
377 3353 476 3397 mensa,
496 3353 544 3387 non
557 3336 603 3387 abs
613 3352 643 3387 re
654 3334 773 3399 barbari,
790 3335 857 3385 banc
868 3332 1035 3402 expeditionis
1046 3332 1112 3384 nacti
1123 3332 1291 3397 occasionem,

189 3404 216 3457 in
239 3404 339 3458 vicinos
365 3406 432 3457 istro
453 3406 653 3471 gratabantur,
678 3402 800 3471 quicquid
820 3410 888 3455 esset
909 3412 993 3478 extra!
1005 3402 1114 3471 oppida,
1132 3401 1291 3470 diripientes.

188 3473 276 3540 itaquo
293 3473 419 3525 Pannonii
434 3474 601 3535 ¹barbarorum
619 3471 827 3543 praedationibus
844 3478 917 3523 eraut
927 3470 1055 3540 expositi,
1072 3471 1130 3523 dum
1143 3470 1235 3522 milites
1247 3488 1291 3521 se-

188 3541 274 3610 gniter
291 3542 385 3611 oppida
403 3542 571 3597 defenderent
581 3548 609 3593 et
620 3541 657 3595 eis
669 3558 767 3595 amnem
780 3541 865 3608 posita
876 3540 934 3593 loca
945 3558 995 3593 non
1007 3540 1088 3591 miuus
1098 3556 1174 3609 quam
1187 3538 1291 3591 barbari

188 3618 316 3663 vexarent
359 3611 459 3663 Moesia
479 3629 541 3665 vero
560 3620 699 3681 propterea
717 3609 778 3661 niiril
796 3610 855 3663 maii
869 3609 1071 3679 perpessafuit,
1089 3608 1156 3677 quod
1169 3606 1291 3676 magister

187 3680 291 3734 militurn
303 3679 465 3733 Theodosius
480 3680 587 3733 viriiiter
599 3680 742 3733 obstitisset
754 3684 781 3731 et
788 3678 940 3731 invadentes
951 3680 1015 3745 suge
1025 3674 1073 3730 sibi
1085 3678 1217 3730 consulere
1228 3694 1290 3729 coe-

186 3750 276 3819 gisset.
303 3748 369 3801 unde
381 3749 476 3831 sputum
488 3757 518 3802 ut
529 3768 561 3801 ex
571 3750 620 3802 bac
630 3749 739 3801 victoria
750 3747 856 3817 gloriam
868 3757 1018 3829 consecutus
1029 3746 1061 3798 ad
1072 3747 1202 3816 imperium
1216 3746 1289 3797 dein-

186 3816 1216 3956 intinniit,¹33,intinniitntitrztttsss·0tit
1225 3814 1289 3952 ,λλ

186 3960 272 4011 iectus
283 3957 309 4008 in
321 3956 451 4023 illyricum
462 3955 572 4021 traruiit,
585 3954 619 4007 de
630 3956 696 4008 bello
708 3954 809 4019 Quadis
820 3962 848 4007 et
858 3953 982 4006 Sarmatis
992 3952 1123 4006 inferendo
1136 3950 1288 4004 deliberans.

188 4026 384 4088 Merobaudem,
402 4025 446 4093 qui
460 4024 498 4078 rei
508 4025 624 4077 militaria
635 4025 751 4093 peritiam
763 4041 842 4093 supra
853 4030 954 4076 ceteros
964 4022 1060 4075 babere
1071 4021 1219 4084 videretur,
1238 4022 1288 4073 toti

188 4096 312 4149 exercitui
328 4094 454 4165 praeficit.
490 4094 573 4147 bieme
586 4102 688 4162 praeter
699 4110 795 4146 morem
806 4092 915 4145 durante
925 4092 1025 4158 longius
1032 4126 1040 4152 ,
1058 4090 1145 4154 Quadi
1157 4108 1204 4159 per
1214 4090 1288 4159 iega-

186 4172 228 4216 toa
252 4164 275 4217 ci
297 4162 380 4217 rerba
400 4163 525 4234 quaedam
548 4163 648 4215 modum
671 4162 822 4215 excedentis
841 4160 1003 4222 denuntient3
1020 4160 1054 4213 ob
1065 4177 1132 4228 quae
1142 4160 1288 4228 indignatus

186 4232 391 4299 Valentinianus,
409 4248 524 4303 praeque
540 4232 616 4284 niruia
632 4231 762 4285 iracundia
783 4228 965 4301 propemodum
981 4228 1103 4282 reduetus
1114 4229 1146 4280 ad
1157 4228 1286 4292 incuriam,

185 4302 308 4372 sanguiue
325 4303 352 4357 iu
372 4318 402 4359 os
422 4302 542 4375 delapso,
557 4300 601 4373 qui
618 4302 688 4357 nocis
699 4302 810 4357 arterias
820 4300 988 4368 obstruebat,
1004 4298 1145 4356 munuum
1155 4305 1213 4369 est,
1230 4314 1286 4352 cum
1350 4317 1362 4345 s
