3025 4892
392 297 728 386 commutatus
752 303 1022 388 iusaomcus.
1169 317 1262 402 ,aas
1343 357 1349 370 ‚

161 485 241 544 sam
253 481 294 542 as
307 484 346 544 aa
359 483 558 565 parrana.
569 487 704 557 noea,
715 481 919 544 amusan
929 469 1039 544 utum
1051 483 1259 546 mammem.

157 571 410 800 ἶὲἒὸἒότῖ
412 574 464 720 14
476 649 656 804 idum
675 647 765 734 roric]
787 651 850 713 vid.
875 655 992 714 Comm.
1013 652 1054 714 ad
1070 655 1127 718 l..⁹s
1147 653 1186 715 ad
1200 657 1262 736 leg.

242 781 252 798 ο
352 759 412 800 ΟΜ.
429 759 464 800 lle
499 776 509 800 a
654 763 663 799 's
1072 757 1074 762 ’

247 824 290 884 ib.
308 847 337 886 r.
354 829 405 889 16.
447 825 580 886 rhetores
595 823 735 907 quidem,
756 821 945 883 Theanistius
967 823 1056 906 (orat.
1076 826 1093 887 1
1115 823 1210 904 9313)
1233 831 1263 884 et

161 911 306 973 laihanius
328 911 395 992 (vit.
412 932 443 990 p.
456 913 511 986 56,
530 923 573 972 or.
588 913 630 975 15
643 931 676 992 p·
694 907 789 986 41s);
812 912 966 970 uZosiano
990 909 1162 984 discedunt,
1185 915 1262 968 Am-

161 991 281 1054 mianus
304 1008 422 1071 autem,
443 994 608 1056 horrendas
630 992 912 1076 crudelissimusque
935 998 1124 1076 quaestiones
1145 993 1263 1059 habitas

163 1080 351 1157 describens,
374 1101 444 1143 cum
458 1102 494 1140 eo
507 1083 580 1141 iacit
594 1081 746 1162 fidemque
761 1083 790 1138 ei
806 1083 956 1140 conciliat.

247 1187 279 1246 p.
294 1170 354 1232 183
367 1188 397 1227 v·
413 1170 487 1230 1—
501 1169 562 1232 184
576 1187 607 1226 v.
619 1172 651 1232 3.
693 1167 833 1225 constitui
848 1167 994 1225 nonnulla
1008 1163 1059 1224 hio
1073 1173 1199 1246 possunt
1211 1183 1263 1224 ac-

155 1254 293 1317 curatius
305 1273 347 1310 ex
358 1254 519 1312 Ammiano
535 1256 576 1317 27
600 1254 618 1314 1
632 1262 662 1312 et
675 1255 707 1316 2.
751 1249 894 1311 adversus
907 1251 1093 1310 Alemaunos
1107 1251 1263 1308 Gallorum

162 1337 238 1396 fines
248 1339 468 1398 incursionibus
481 1338 657 1398 infestantes
669 1332 821 1397 Charietto
834 1357 888 1418 per
902 1327 1061 1418 utramque
1070 1338 1264 1394 Germaniam

165 1442 276 1496 comes,
291 1441 360 1482 uam
373 1424 535 1482 Severiano
548 1419 654 1482 itidem
667 1425 786 1497 comite,
800 1423 915 1502 proelio
931 1425 1090 1482 commisso
1104 1442 1167 1480 rem
1181 1423 1262 1480 male

163 1518 306 1586 gesserat.
342 1519 417 1586 post
440 1508 639 1568 Clmriettonis
658 1509 812 1565 interitum
830 1507 995 1566 Erulorum
1012 1507 1263 1586 Batavorumque

164 1593 309 1652 vesamum
329 1593 491 1670 direptum,
515 1593 599 1672 quod
618 1591 793 1650 irssicltnndo
809 1591 1006 1670 tripudiantes
1022 1591 1146 1650 barbari
1162 1592 1262 1650 crebro

143 1729 148 1738 .
164 1676 319 1734 sublatum
330 1679 423 1735 ultius
434 1677 640 1750 ostendebant,
655 1687 728 1756 post
739 1681 904 1736 certamina
918 1688 1069 1755 receptum
1080 1689 1124 1734 est
1137 1677 1262 1756 magnei.

100 1839 103 1844 Ι
163 1765 328 1842 posteriora
342 1762 381 1821 ad
395 1783 430 1821 ea
443 1765 592 1843 pertinere
612 1760 753 1821 videntur
768 1771 845 1843 q'uae
862 1782 878 1820 a
894 1763 1015 1821 zosimo
1031 1782 1063 1841 p.
1079 1765 1139 1826 188
1162 1765 1181 1825 9
1197 1781 1265 1844 sqq.

165 1849 303 1926 exposita
319 1857 397 1923 sunt,
415 1861 445 1907 et
462 1868 636 1930 quanquam
649 1846 828 1906 Ammianus
846 1849 1120 1906 exauctorationem
1134 1847 1265 1906 Batavo-

156 1951 233 1990 rum
245 1943 351 2008 taceat,
364 1953 433 1991 cum
448 1953 484 1992 eo
498 1944 600 1992 tamen
614 1935 646 1991 iu
661 1931 852 1991 concordiam
867 1935 993 2012 possunt
1005 1931 1111 2011 redigi.
1146 1931 1179 1992 id
1193 1952 1264 1991 vero

163 2037 320 2097 perperam
328 2017 481 2095 traditmn‚
493 2029 527 2076 ut
538 2039 579 2077 ex
589 2020 783 2099 sequentibus
793 2019 916 2097 patebit,
931 2017 1013 2098 quod
1021 2019 1265 2076 Valentinianum

163 2105 265 2183 ipsum
279 2107 392 2182 proelio
408 2115 532 2163 eventus
544 2102 628 2162 haud
637 2105 774 2183 prosperi
785 2103 956 2162 interfuisse
971 2115 1081 2162 narrat.
1126 2121 1161 2161 ea
1178 2103 1264 2161 clade

164 2186 267 2246 audita
281 2187 502 2268 Dagalaiphus,
523 2201 557 2249 ut
575 2210 641 2248 rem
660 2189 845 2264 restituelet,
867 2187 990 2248 Parisiis
1014 2209 1049 2248 eo
1070 2189 1180 2248 missus
1200 2200 1262 2263 est3

165 2291 225 2354 quo
242 2284 398 2332 cunctante
413 2285 443 2334 et
459 2277 542 2333 rana
559 2285 716 2349 causante,
737 2277 879 2333 Iovianus
894 2275 1029 2355 equitum
1042 2277 1187 2352 magister
1200 2277 1264 2332 eius

164 2361 230 2416 rice
242 2359 323 2417 bello
338 2361 522 2438 praefectus,
545 2379 614 2418 cum
629 2361 772 2418 barbaros
786 2363 920 2419 incautos
934 2358 1055 2418 adortus
1069 2369 1162 2434 esset,
1186 2371 1264 2418 stra-

164 2461 236 2520 gem
256 2462 359 2501 eorum
380 2443 463 2502 dedit
479 2447 652 2587 ingenpm,
673 2449 706 2503 in
727 2463 787 2525 qua
805 2463 861 2504 sex
879 2445 966 2503 milia
982 2445 1138 2504 interiecta
1153 2421 1264 2504 bacha·

165 2547 280 2603 rorum,·
299 2546 354 2585 rex
365 2528 403 2586 ah
416 2531 547 2589 Ascariis
559 2549 576 2587 a
610 2527 744 2587 hostium
757 2539 850 2588 castra
866 2527 1033 2609 diripienda
1045 2551 1100 2610 per
1110 2533 1167 2589 iter
1181 2530 1265 2590 aliud

163 2615 266 2671 missis
283 2624 386 2692 captus
402 2625 449 2688 et,
470 2612 546 2672 duce
561 2617 764 2673 Romanorum
779 2616 889 2687 inscio,
911 2615 1047 2694 patibulo
1064 2615 1192 2675 suffixus
1207 2627 1265 2676 est.

165 2707 195 2754 st
207 2708 281 2776 pust
298 2697 374 2756 haee
392 2699 529 2758 redeunti
547 2695 683 2758 Parnetho
698 2709 770 2776 post
786 2697 999 2757 cluritzrclinem
1017 2713 1094 2758 recte
1112 2711 1265 2779 gestunens

163 2785 326 2860 irnperctor
350 2784 448 2843 laetus
469 2785 616 2856 occmiit,
643 2801 768 2862 uanaque
782 2795 889 2864 postea
912 2783 1063 2843 conradens
1082 2786 1260 2866 designavit.

154 2865 356 3020 tituta
371 2865 1173 3037 mettim.itl”.t⁸tt.‘⁰it';‡t;.t⁰l

492 3017 496 3025 .
599 3001 607 3030 s
863 3000 872 3030 r
1128 2999 1135 3015 ·

155 3057 162 3068 ·
193 3061 196 3064 ·
248 3052 280 3118 p·
294 3039 356 3104 184
370 3057 399 3098 t·
414 3045 436 3104 7
450 3074 489 3084 -
503 3039 649 3105 186·v.2.
692 3039 818 3099 Bellum
831 3037 1160 3121 Scythicnmprimum,
1180 3039 1262 3122 quod

164 3143 235 3183 cum
248 3123 354 3184 Gothis
369 3145 386 3184 a
399 3128 523 3187 Valente
540 3137 676 3204 gestum,
699 3147 740 3184 ex
763 3128 923 3185 Ammiano
946 3131 986 3191 27
1008 3129 1027 3190 5
1049 3127 1261 3186 illustrandum

157 3221 221 3269 est.
264 3209 365 3285 Gothi,
388 3213 440 3292 qui
453 3213 602 3271 societatis
612 3215 677 3270 iure
689 3211 803 3270 violato
817 3213 964 3292 Procopio
978 3214 1121 3270 miserant
1135 3215 1260 3288 auxilia,

165 3315 235 3354 cum
255 3294 367 3356 Victori
384 3299 470 3357 iussu
490 3299 678 3378 imperatoris
699 3315 821 3356 causum
838 3297 942 3356 violati
956 3295 1086 3356 foederis
1099 3299 1262 3358 sciscitanti

165 3379 388 3459 respondissent
409 3401 445 3441 ea
468 3401 546 3463 quae
567 3401 645 3441 rana
666 3378 892 3458 iudicabuntur,
920 3381 1035 3441 hellmn
1066 3385 1104 3442 iis
1134 3385 1263 3442 iniuriae

164 3465 353 3524 ulciscendae
372 3485 460 3527 causa
482 3488 500 3526 a
523 3469 666 3528 Romanis
689 3469 818 3527 illatum.
861 3469 1066 3527 Romanorum
1086 3467 1150 3528 dux
1168 3489 1263 3550 prope

165 3548 315 3629 Daphnen
334 3557 556 3612 munimentum
575 3566 670 3613 castra
692 3565 822 3613 metatus
844 3564 890 3613 est
906 3564 935 3612 et
949 3565 1040 3634 ponte
1058 3555 1137 3613 facto
1154 3557 1263 3614 latrum

165 3633 290 3714 impune
302 3639 428 3695 traiecit.
450 3641 621 3719 insequenti
634 3658 711 3698 anno
727 3661 796 3698 cnm
809 3641 968 3698 transitum
984 3641 1116 3700 Danubii
1130 3640 1262 3700 inunda-

164 3723 208 3778 tio
225 3719 405 3799 prohiberet,
426 3725 511 3782 nulla
525 3745 557 3783 re
570 3735 655 3803 gesta
667 3725 914 3805 Marcianopolim
926 3726 959 3782 in
973 3721 1100 3784 hiberus
1116 3722 1265 3785 discessit.

165 3804 288 3885 (eodem
302 3806 398 3866 refero
408 3809 498 3866 verba
507 3813 620 3868 Zosimi
634 3829 664 3888 p.
675 3808 737 3874 184
760 3813 886 3892 18sqq.‚
906 3812 1043 3892 quamvis
1056 3809 1263 3870 difficultatem

162 3889 339 3950 transeamdi
351 3890 545 3953 inundatione
558 3897 654 3956 amuis
670 3897 817 3954 obiectam
829 3891 952 3974 taceat.)
981 3898 1068 3954 tertio
1079 3915 1157 3954 anuo
1171 3895 1261 3976 (369)

165 3979 263 4037 amnis
277 3981 468 4038 transmissus
483 3993 577 4055 esset,
602 3979 744 4041 adversus
762 3975 973 4059 Gruthungos,
995 3980 1170 4040 bellicosam
1184 3997 1262 4059 geu-

164 4074 244 4139 tenl‚
267 4076 350 4121 arina
365 4073 464 4138 mota,
488 4075 518 4122 et
532 4076 692 4147 postquam
705 4063 926 4125 Athanarichus
940 4065 1057 4124 levibus
1070 4065 1190 4146 proeliis
1207 4067 1259 4125 fu-

164 4159 314 4225 suaerat,
336 4147 539 4209 Romanorum
560 4150 624 4210 dux
643 4153 744 4211 Victor
765 4150 1011 4230 Marcianopolim
1030 4156 1154 4232 repetit,
1173 4153 1257 4210 stibi

165 4235 235 4291 cum
247 4232 357 4314 legatis
370 4233 563 4295 harbarorum
575 4255 682 4316 pacem
695 4233 865 4317 petentibus
878 4235 985 4296 foedus
1001 4240 1164 4297 renovarit.
1208 4239 1257 4294 iu-

162 4322 230 4378 nuit
256 4320 381 4403 quidem
398 4323 538 4382 Zosimus
566 4323 614 4403 (c.
639 4319 698 4402 11)
727 4321 855 4384 eandem
883 4325 1100 4402 incursionem,
1132 4325 1258 4404 exponit
