<?xml version="1.0" encoding="UTF-8"?>
<!DOCTYPE html PUBLIC "-//W3C//DTD XHTML 1.0 Transitional//EN"
    "http://www.w3.org/TR/xhtml1/DTD/xhtml1-transitional.dtd">
<html xmlns="http://www.w3.org/1999/xhtml" xml:lang="en" lang="en">
 <head>
  <title>
</title>
<meta http-equiv="Content-Type" content="text/html;charset=utf-8" />
  <meta name='ocr-system' content='tesseract 3.04.00' />
  <meta name='ocr-capabilities' content='ocr_page ocr_carea ocr_par ocr_line ocrx_word'/>
</head>
<body>
  <div class='ocr_page' id='page_1' title='image "./corpusscriptoru21theogoog/corpusscriptoru21theogoog_0128.png"; bbox 0 0 3025 4892; ppageno 0'>
   <div class='ocr_carea' id='block_1_1' title="bbox 227 283 847 360">
    <p class='ocr_par' dir='ltr' id='par_1_1' title="bbox 227 283 847 360">
     <span class='ocr_line' id='line_1_1' title="bbox 227 283 847 360; baseline -0.013 0"><span class='ocrx_word' id='word_1_1' title='bbox 227 287 278 360; x_wconf 79' lang='lat'>80</span> <span class='ocrx_word' id='word_1_2' title='bbox 698 283 847 354; x_wconf 81' lang='lat' dir='ltr'>zosltss</span> 
     </span>
    </p>
   </div>
   <div class='ocr_carea' id='block_1_2' title="bbox 224 451 1358 1477">
    <p class='ocr_par' dir='ltr' id='par_1_2' title="bbox 224 451 1358 1477">
     <span class='ocr_line' id='line_1_2' title="bbox 225 451 1316 545; baseline -0.004 -19"><span class='ocrx_word' id='word_1_3' title='bbox 225 463 283 527; x_wconf 82' lang='grc' dir='ltr'>τάν</span> <span class='ocrx_word' id='word_1_4' title='bbox 302 482 368 536; x_wconf 83' lang='grc' dir='ltr'><strong><em>ποις</em></strong></span> <span class='ocrx_word' id='word_1_5' title='bbox 382 453 524 545; x_wconf 79' lang='grc' dir='ltr'><strong><em>δλλῆλοις</em></strong></span> <span class='ocrx_word' id='word_1_6' title='bbox 539 451 680 545; x_wconf 90' lang='grc' dir='ltr'><strong><em>περόναις</em></strong></span> <span class='ocrx_word' id='word_1_7' title='bbox 693 459 849 545; x_wconf 76' lang='grc' dir='ltr'><strong><em>σιδηραῖς,</em></strong></span> <span class='ocrx_word' id='word_1_8' title='bbox 871 451 1099 544; x_wconf 81' lang='grc' dir='ltr'><strong><em>άνασπωμίνσις</em></strong></span> <span class='ocrx_word' id='word_1_9' title='bbox 1114 451 1202 542; x_wconf 78' lang='grc' dir='ltr'><strong><em>ἦνίιια</em></strong></span> <span class='ocrx_word' id='word_1_10' title='bbox 1216 453 1253 523; x_wconf 71' lang='lat' dir='ltr'>olo</span> <span class='ocrx_word' id='word_1_11' title='bbox 1270 467 1316 536; x_wconf 72' lang='lat' dir='ltr'>rig</span> 
     </span>
     <span class='ocr_line' id='line_1_3' title="bbox 225 559 1315 650; baseline 0 -24"><span class='ocrx_word' id='word_1_12' title='bbox 225 563 270 646; x_wconf 79' lang='grc' dir='ltr'>μὴ</span> <span class='ocrx_word' id='word_1_13' title='bbox 287 565 454 646; x_wconf 70' lang='grc' dir='ltr'><strong><em>βουληθείη</em></strong></span> <span class='ocrx_word' id='word_1_14' title='bbox 479 565 608 649; x_wconf 79' lang='grc' dir='ltr'><strong><em>ζυγῶσαι</em></strong></span> <span class='ocrx_word' id='word_1_15' title='bbox 630 562 686 646; x_wconf 78' lang='grc' dir='ltr'>τὴν</span> <span class='ocrx_word' id='word_1_16' title='bbox 706 560 852 650; x_wconf 79' lang='grc' dir='ltr'><strong><em>γίῳνραν.</em></strong></span> <span class='ocrx_word' id='word_1_17' title='bbox 902 559 1022 639; x_wconf 73' lang='grc' dir='ltr'><strong><em>ἐπέταξε</em></strong></span> <span class='ocrx_word' id='word_1_18' title='bbox 1046 562 1080 626; x_wconf 76' lang='grc' dir='ltr'>δὲ</span> <span class='ocrx_word' id='word_1_19' title='bbox 1100 571 1164 638; x_wconf 77' lang='grc' dir='ltr'><strong><em>τοῖς</em></strong></span> <span class='ocrx_word' id='word_1_20' title='bbox 1179 585 1315 645; x_wconf 86' lang='grc' dir='ltr'><strong><em>μηχανο-</em></strong></span> 
     </span>
     <span class='ocr_line' id='line_1_4' title="bbox 226 660 1314 752; baseline -0.004 -23"><span class='ocrx_word' id='word_1_21' title='bbox 226 674 340 742; x_wconf 84' lang='grc' dir='ltr'><strong><em>ποιοΐς,</em></strong></span> <span class='ocrx_word' id='word_1_22' title='bbox 379 665 499 732; x_wconf 75' lang='grc' dir='ltr'><strong><em>ἐπειδὰν</em></strong></span> <span class='ocrx_word' id='word_1_23' title='bbox 535 665 621 730; x_wconf 71' lang='grc' dir='ltr'><strong><em>ἴδωσι</em></strong></span> <span class='ocrx_word' id='word_1_24' title='bbox 651 663 704 730; x_wconf 85' lang='grc' dir='ltr'>τδν</span> <span class='ocrx_word' id='word_1_25' title='bbox 739 666 971 731; x_wconf 86' lang='grc' dir='ltr'><strong><em>Κωνσταντίνου</em></strong></span> <span class='ocrx_word' id='word_1_26' title='bbox 997 663 1126 752; x_wconf 84' lang='grc' dir='ltr'><strong><em>στρατὸν</em></strong></span> <span class='ocrx_word' id='word_1_27' title='bbox 1159 671 1199 752; x_wconf 79' lang='grc' dir='ltr'><strong><em>τῇ</em></strong></span> <span class='ocrx_word' id='word_1_28' title='bbox 1224 660 1314 744; x_wconf 83' lang='grc' dir='ltr'><strong><em>ζεύξει</em></strong></span> 
     </span>
     <span class='ocr_line' id='line_1_5' title="bbox 224 764 1314 856; baseline 0 -24"><span class='ocrx_word' id='word_1_29' title='bbox 224 775 281 852; x_wconf 83' lang='grc' dir='ltr'><strong><em>τῆς</em></strong></span> <span class='ocrx_word' id='word_1_30' title='bbox 293 765 428 855; x_wconf 73' lang='grc' dir='ltr'><strong><em>γεφύρας</em></strong></span> <span class='ocrx_word' id='word_1_31' title='bbox 439 771 603 856; x_wconf 71' lang='grc' dir='ltr'><strong><em>ἐφεστῶτα,</em></strong></span> <span class='ocrx_word' id='word_1_32' title='bbox 629 766 802 832; x_wconf 78' lang='grc' dir='ltr'><strong><em>ἀνασπάσαι</em></strong></span> <span class='ocrx_word' id='word_1_33' title='bbox 822 767 877 844; x_wconf 77' lang='grc' dir='ltr'><strong><em>τὰς</em></strong></span> <span class='ocrx_word' id='word_1_34' title='bbox 893 764 1020 855; x_wconf 81' lang='grc' dir='ltr'><strong><em>περόνας</em></strong></span> <span class='ocrx_word' id='word_1_35' title='bbox 1037 769 1087 832; x_wconf 81' lang='grc' dir='ltr'><strong><em>καί</em></strong></span> <span class='ocrx_word' id='word_1_36' title='bbox 1104 770 1246 833; x_wconf 82' lang='grc' dir='ltr'><strong><em>διαλῦσαι</em></strong></span> <span class='ocrx_word' id='word_1_37' title='bbox 1259 766 1314 850; x_wconf 85' lang='grc' dir='ltr'>τὴν</span> 
     </span>
     <span class='ocr_line' id='line_1_6' title="bbox 224 867 1339 958; baseline -0.002 -23"><span class='ocrx_word' id='word_1_38' title='bbox 224 871 376 958; x_wconf 76' lang='grc' dir='ltr'><strong><em>γίῳυραν,</em></strong></span> <span class='ocrx_word' id='word_1_39' title='bbox 395 869 471 937; x_wconf 76' lang='grc' dir='ltr'><strong><em>ὥστε</em></strong></span> <span class='ocrx_word' id='word_1_40' title='bbox 490 875 532 948; x_wconf 87' lang='grc' dir='ltr'><strong><em>είς</em></strong></span> <span class='ocrx_word' id='word_1_41' title='bbox 554 870 606 936; x_wconf 88' lang='grc' dir='ltr'>τδν</span> <span class='ocrx_word' id='word_1_42' title='bbox 622 869 760 952; x_wconf 84' lang='grc' dir='ltr'><strong><em>ποταμόν</em></strong></span> <span class='ocrx_word' id='word_1_43' title='bbox 776 870 848 946; x_wconf 84' lang='grc' dir='ltr'><strong><em>τούς</em></strong></span> <span class='ocrx_word' id='word_1_44' title='bbox 868 872 916 935; x_wconf 71' lang='lat' dir='ltr'>inl</span> <span class='ocrx_word' id='word_1_45' title='bbox 941 867 1036 958; x_wconf 75' lang='grc' dir='ltr'><strong><em>ταύτῃ</em></strong></span> <span class='ocrx_word' id='word_1_46' title='bbox 1056 867 1189 948; x_wconf 64' lang='lat' dir='ltr'>institor</span> <span class='ocrx_word' id='word_1_47' title='bbox 1207 879 1339 936; x_wconf 58' lang='lat' dir='ltr'>uentura</span> 
     </span>
     <span class='ocr_line' id='line_1_7' title="bbox 227 973 1317 1076; baseline -0.001 -38"><span class='ocrx_word' id='word_1_48' title='bbox 227 977 278 1038; x_wconf 80' lang='grc' dir='ltr'><strong><em>καί</em></strong></span> <span class='ocrx_word' id='word_1_49' title='bbox 294 975 467 1076; x_wconf 80' lang='grc' dir='ltr'><strong><em>Μαξίντῳς</em></strong></span> <span class='ocrx_word' id='word_1_50' title='bbox 486 976 542 1057; x_wconf 74' lang='grc' dir='ltr'>μὶν</span> <span class='ocrx_word' id='word_1_51' title='bbox 561 979 659 1038; x_wconf 80' lang='grc' dir='ltr'><strong><em>ταῦτα</em></strong></span> <span class='ocrx_word' id='word_1_52' title='bbox 680 975 862 1058; x_wconf 69' lang='grc' dir='ltr'><strong><em>ἐμηχανᾶτο,</em></strong></span> <span class='ocrx_word' id='word_1_53' title='bbox 912 973 1005 1057; x_wconf 83' lang='grc'>(16)</span> <span class='ocrx_word' id='word_1_54' title='bbox 1031 975 1258 1051; x_wconf 84' lang='grc' dir='ltr'><strong><em>Κωνσταντῖνος</em></strong></span> <span class='ocrx_word' id='word_1_55' title='bbox 1283 974 1317 1038; x_wconf 75' lang='grc' dir='ltr'>δὲ</span> 
     </span>
     <span class='ocr_line' id='line_1_8' title="bbox 224 1074 1316 1164; baseline 0 -24"><span class='ocrx_word' id='word_1_56' title='bbox 224 1077 314 1163; x_wconf 84' lang='grc' dir='ltr'><strong><em>μίχρι</em></strong></span> <span class='ocrx_word' id='word_1_57' title='bbox 333 1083 387 1161; x_wconf 77' lang='grc' dir='ltr'><strong><em>τῆς</em></strong></span> <span class='ocrx_word' id='word_1_58' title='bbox 402 1074 526 1160; x_wconf 84' lang='grc' dir='ltr'><em>Ῥώμης</em></span> <span class='ocrx_word' id='word_1_59' title='bbox 547 1075 612 1158; x_wconf 78' lang='grc' dir='ltr'><strong><em>ἅμα</em></strong></span> <span class='ocrx_word' id='word_1_60' title='bbox 626 1082 671 1164; x_wconf 77' lang='grc' dir='ltr'><strong><em>τῷ</em></strong></span> <span class='ocrx_word' id='word_1_61' title='bbox 683 1081 805 1164; x_wconf 76' lang='grc' dir='ltr'><strong><em>στρατῷ</em></strong></span> <span class='ocrx_word' id='word_1_62' title='bbox 819 1077 979 1162; x_wconf 73' lang='grc' dir='ltr'><strong><em>προελθών</em></strong></span> <span class='ocrx_word' id='word_1_63' title='bbox 995 1076 1026 1140; x_wconf 78' lang='grc' dir='ltr'>ἓν</span> <span class='ocrx_word' id='word_1_64' title='bbox 1037 1081 1083 1164; x_wconf 76' lang='grc' dir='ltr'><strong><em>τῷ</em></strong></span> <span class='ocrx_word' id='word_1_65' title='bbox 1096 1078 1188 1164; x_wconf 83' lang='grc' dir='ltr'><strong><em>πεδίῳ</em></strong></span> <span class='ocrx_word' id='word_1_66' title='bbox 1200 1083 1245 1164; x_wconf 78' lang='grc' dir='ltr'><strong><em>τῷ</em></strong></span> <span class='ocrx_word' id='word_1_67' title='bbox 1257 1075 1316 1164; x_wconf 83' lang='grc' dir='ltr'>πρὸ</span> 
     </span>
     <span class='ocr_line' id='line_1_9' title="bbox 225 1173 1316 1267; baseline 0 -24"><span class='ocrx_word' id='word_1_68' title='bbox 225 1187 281 1263; x_wconf 80' lang='grc' dir='ltr'><strong><em>τῆς</em></strong></span> <span class='ocrx_word' id='word_1_69' title='bbox 294 1173 409 1256; x_wconf 86' lang='grc' dir='ltr'><strong><em>πόλεως</em></strong></span> <span class='ocrx_word' id='word_1_70' title='bbox 422 1177 702 1267; x_wconf 69' lang='grc' dir='ltr'>ἐστρατοπεδεύετο,</span> <span class='ocrx_word' id='word_1_71' title='bbox 721 1179 956 1266; x_wconf 72' lang='grc' dir='ltr'><strong><em>ἀναπεπταμένῳ</em></strong></span> <span class='ocrx_word' id='word_1_72' title='bbox 978 1203 1009 1244; x_wconf 89' lang='grc' dir='ltr'>τε</span> <span class='ocrx_word' id='word_1_73' title='bbox 1030 1177 1093 1244; x_wconf 85' lang='grc' dir='ltr'><strong><em>ύντι</em></strong></span> <span class='ocrx_word' id='word_1_74' title='bbox 1114 1181 1165 1244; x_wconf 84' lang='grc' dir='ltr'><strong><em>καὶ</em></strong></span> <span class='ocrx_word' id='word_1_75' title='bbox 1177 1179 1209 1255; x_wconf 74' lang='grc' dir='ltr'>ἔς</span> <span class='ocrx_word' id='word_1_76' title='bbox 1222 1179 1316 1246; x_wconf 77' lang='lat' dir='ltr'>irmu-</span> 
     </span>
     <span class='ocr_line' id='line_1_10' title="bbox 226 1278 1317 1370; baseline -0.002 -23"><span class='ocrx_word' id='word_1_77' title='bbox 226 1284 296 1348; x_wconf 92' lang='grc' dir='ltr'><strong><em>σίαν</em></strong></span> <span class='ocrx_word' id='word_1_78' title='bbox 319 1284 485 1370; x_wconf 74' lang='grc' dir='ltr'><strong><em>ἐπιτηδείῳ.</em></strong></span> <span class='ocrx_word' id='word_1_79' title='bbox 533 1284 706 1360; x_wconf 82' lang='grc' dir='ltr'><strong><em>Μαξίντιος</em></strong></span> <span class='ocrx_word' id='word_1_80' title='bbox 729 1283 763 1347; x_wconf 75' lang='grc' dir='ltr'>δὲ</span> <span class='ocrx_word' id='word_1_81' title='bbox 788 1283 997 1358; x_wconf 79' lang='grc' dir='ltr'><strong><em>ίναποκλείσας</em></strong></span> <span class='ocrx_word' id='word_1_82' title='bbox 1019 1278 1126 1346; x_wconf 70' lang='grc' dir='ltr'><strong><em>ἔαυτόν</em></strong></span> <span class='ocrx_word' id='word_1_83' title='bbox 1148 1291 1212 1359; x_wconf 75' lang='grc' dir='ltr'><strong><em>τοῖς</em></strong></span> <span class='ocrx_word' id='word_1_84' title='bbox 1232 1288 1317 1359; x_wconf 76' lang='grc' dir='ltr'><strong><em>θεοῖς</em></strong></span> 
     </span>
     <span class='ocr_line' id='line_1_11' title="bbox 227 1380 1358 1477; baseline 0.001 -28"><span class='ocrx_word' id='word_1_85' title='bbox 227 1384 320 1472; x_wconf 76' lang='grc' dir='ltr'><strong><em>ἱερεῖα</em></strong></span> <span class='ocrx_word' id='word_1_86' title='bbox 344 1383 588 1477; x_wconf 29' lang='grc' dir='ltr'><strong><em>προσήγαγεικαί</em></strong></span> <span class='ocrx_word' id='word_1_87' title='bbox 611 1391 673 1450; x_wconf 78' lang='grc' dir='ltr'>τῶν</span> <span class='ocrx_word' id='word_1_88' title='bbox 692 1380 875 1470; x_wconf 74' lang='grc' dir='ltr'><strong><em>ἱεροσκόπον</em></strong></span> <span class='ocrx_word' id='word_1_89' title='bbox 894 1387 961 1472; x_wconf 77' lang='grc' dir='ltr'><strong><em>περὶ</em></strong></span> <span class='ocrx_word' id='word_1_90' title='bbox 979 1391 1098 1466; x_wconf 77' lang='grc' dir='ltr'>τῆςτοῦ</span> <span class='ocrx_word' id='word_1_91' title='bbox 1113 1386 1245 1466; x_wconf 73' lang='grc' dir='ltr'><strong><em>πολέμου</em></strong></span> <span class='ocrx_word' id='word_1_92' title='bbox 1261 1381 1315 1449; x_wconf 87' lang='grc' dir='ltr'><strong><em>τύ-</em></strong></span> <span class='ocrx_word' id='word_1_93' title='bbox 1325 1399 1358 1452; x_wconf 85' lang='grc'>10</span> 
     </span>
    </p>
   </div>
   <div class='ocr_carea' id='block_1_3' title="bbox 117 1486 1316 1574">
    <p class='ocr_par' dir='ltr' id='par_1_3' title="bbox 117 1486 1316 1574">
     <span class='ocr_line' id='line_1_12' title="bbox 117 1486 1316 1574; baseline -0.003 -20"><span class='ocrx_word' id='word_1_94' title='bbox 117 1556 121 1562; x_wconf 73' lang='grc'><strong><em>,</em></strong></span> <span class='ocrx_word' id='word_1_95' title='bbox 223 1511 284 1571; x_wconf 86' lang='grc' dir='ltr'>χης</span> <span class='ocrx_word' id='word_1_96' title='bbox 300 1486 521 1554; x_wconf 74' lang='grc' dir='ltr'><strong><em>ἀνεπυνθάνετο</em></strong></span> <span class='ocrx_word' id='word_1_97' title='bbox 542 1491 592 1553; x_wconf 84' lang='grc' dir='ltr'><strong><em>καί</em></strong></span> <span class='ocrx_word' id='word_1_98' title='bbox 615 1487 655 1554; x_wconf 83' lang='grc' dir='ltr'><strong><em>τά</em></strong></span> <span class='ocrx_word' id='word_1_99' title='bbox 678 1487 830 1572; x_wconf 77' lang='grc' dir='ltr'><strong><em>Σιβύλλης</em></strong></span> <span class='ocrx_word' id='word_1_100' title='bbox 849 1490 1034 1573; x_wconf 82' lang='grc' dir='ltr'><strong><em>διηρευνᾶτο.</em></strong></span> <span class='ocrx_word' id='word_1_101' title='bbox 1084 1489 1137 1551; x_wconf 91' lang='grc' dir='ltr'><strong><em>καί</em></strong></span> <span class='ocrx_word' id='word_1_102' title='bbox 1150 1513 1179 1552; x_wconf 86' lang='grc' dir='ltr'><strong><em>τι</em></strong></span> <span class='ocrx_word' id='word_1_103' title='bbox 1196 1488 1316 1574; x_wconf 62' lang='lat' dir='ltr'>&amp;inpu-</span> 
     </span>
    </p>
   </div>
   <div class='ocr_carea' id='block_1_4' title="bbox 174 1586 1409 2810">
    <p class='ocr_par' dir='ltr' id='par_1_4' title="bbox 174 1586 1409 2810">
     <span class='ocr_line' id='line_1_13' title="bbox 226 1586 1317 1680; baseline -0.002 -24"><span class='ocrx_word' id='word_1_104' title='bbox 226 1615 281 1656; x_wconf 90' lang='grc' dir='ltr'>τον</span> <span class='ocrx_word' id='word_1_105' title='bbox 302 1588 398 1680; x_wconf 79' lang='grc' dir='ltr'><strong><em>εύραλν</em></strong></span> <span class='ocrx_word' id='word_1_106' title='bbox 417 1603 564 1676; x_wconf 84' lang='grc' dir='ltr'><strong><em>σημαῖνσν</em></strong></span> <span class='ocrx_word' id='word_1_107' title='bbox 586 1589 629 1669; x_wconf 81' lang='grc' dir='ltr'>ὥς</span> <span class='ocrx_word' id='word_1_108' title='bbox 650 1590 765 1677; x_wconf 74' lang='grc' dir='ltr'><strong><em>ἀνάγκη</em></strong></span> <span class='ocrx_word' id='word_1_109' title='bbox 785 1591 839 1657; x_wconf 82' lang='grc' dir='ltr'>τὸν</span> <span class='ocrx_word' id='word_1_110' title='bbox 856 1592 904 1656; x_wconf 72' lang='lat' dir='ltr'>inl</span> <span class='ocrx_word' id='word_1_111' title='bbox 929 1587 1032 1678; x_wconf 78' lang='grc' dir='ltr'><strong><em>βλάβη</em></strong></span> <span class='ocrx_word' id='word_1_112' title='bbox 1055 1587 1226 1677; x_wconf 80' lang='grc' dir='ltr'><strong><em>πράττοντα</em></strong></span> <span class='ocrx_word' id='word_1_113' title='bbox 1240 1586 1317 1654; x_wconf 86' lang='grc' dir='ltr'>Ῥω-</span> 
     </span>
     <span class='ocr_line' id='line_1_14' title="bbox 225 1689 1318 1784; baseline -0.001 -27"><span class='ocrx_word' id='word_1_114' title='bbox 225 1696 326 1776; x_wconf 87' lang='grc' dir='ltr'><strong><em>μαίων</em></strong></span> <span class='ocrx_word' id='word_1_115' title='bbox 346 1698 455 1784; x_wconf 77' lang='grc' dir='ltr'><strong><em>οἰκτρῷ</em></strong></span> <span class='ocrx_word' id='word_1_116' title='bbox 474 1693 599 1783; x_wconf 71' lang='grc' dir='ltr'><strong><em>θανάτῳ</em></strong></span> <span class='ocrx_word' id='word_1_117' title='bbox 616 1705 800 1782; x_wconf 77' lang='grc' dir='ltr'><strong><em>περιπεσεῖν,</em></strong></span> <span class='ocrx_word' id='word_1_118' title='bbox 819 1694 895 1781; x_wconf 81' lang='grc' dir='ltr'><strong><em>πρὸς</em></strong></span> <span class='ocrx_word' id='word_1_119' title='bbox 918 1691 1027 1759; x_wconf 73' lang='grc' dir='ltr'><strong><em>ἑαυτοῦ</em></strong></span> <span class='ocrx_word' id='word_1_120' title='bbox 1046 1693 1081 1757; x_wconf 79' lang='grc' dir='ltr'><strong><em>τὸ</em></strong></span> <span class='ocrx_word' id='word_1_121' title='bbox 1105 1690 1204 1778; x_wconf 81' lang='grc' dir='ltr'><strong><em>λόγιον</em></strong></span> <span class='ocrx_word' id='word_1_122' title='bbox 1223 1689 1318 1776; x_wconf 71' lang='grc' dir='ltr'><strong><em>ἐλάμ-</em></strong></span> 
     </span>
     <span class='ocr_line' id='line_1_15' title="bbox 224 1785 1409 1886; baseline -0.003 -24"><span class='ocrx_word' id='word_1_123' title='bbox 224 1803 317 1878; x_wconf 77' lang='grc' dir='ltr'><strong><em>βανεν</em></strong></span> <span class='ocrx_word' id='word_1_124' title='bbox 329 1794 371 1874; x_wconf 69' lang='lat' dir='ltr'>nic</span> <span class='ocrx_word' id='word_1_125' title='bbox 384 1798 422 1882; x_wconf 79' lang='grc' dir='ltr'>δὴ</span> <span class='ocrx_word' id='word_1_126' title='bbox 438 1799 510 1876; x_wconf 85' lang='grc' dir='ltr'><strong><em>τούς</em></strong></span> <span class='ocrx_word' id='word_1_127' title='bbox 523 1796 707 1874; x_wconf 71' lang='grc' dir='ltr'><strong><em>ἐπελθόντας</em></strong></span> <span class='ocrx_word' id='word_1_128' title='bbox 719 1804 757 1886; x_wconf 79' lang='grc' dir='ltr'><strong><em>τῇ</em></strong></span> <span class='ocrx_word' id='word_1_129' title='bbox 770 1795 878 1882; x_wconf 76' lang='grc' dir='ltr'><strong><em>Ῥώμη</em></strong></span> <span class='ocrx_word' id='word_1_130' title='bbox 895 1799 946 1861; x_wconf 79' lang='grc' dir='ltr'><strong><em>καὶ</em></strong></span> <span class='ocrx_word' id='word_1_131' title='bbox 962 1793 1074 1879; x_wconf 87' lang='grc' dir='ltr'><strong><em>ταύτην</em></strong></span> <span class='ocrx_word' id='word_1_132' title='bbox 1089 1797 1320 1878; x_wconf 72' lang='grc' dir='ltr'><strong><em>διανοουμένους</em></strong></span> <span class='ocrx_word' id='word_1_133' title='bbox 1404 1785 1409 1804; x_wconf 61' lang='grc'><strong>’</strong></span> 
     </span>
     <span class='ocr_line' id='line_1_16' title="bbox 226 1891 1359 1986; baseline 0.004 -24"><span class='ocrx_word' id='word_1_134' title='bbox 226 1896 303 1964; x_wconf 74' lang='grc' dir='ltr'>ἕλεῖν</span> <span class='ocrx_word' id='word_1_135' title='bbox 321 1898 517 1982; x_wconf 77' lang='grc' dir='ltr'><strong><em>ἀμυνόμενος.</em></strong></span> <span class='ocrx_word' id='word_1_136' title='bbox 566 1902 653 1982; x_wconf 78' lang='grc' dir='ltr'><strong><em>ίξίβη</em></strong></span> <span class='ocrx_word' id='word_1_137' title='bbox 673 1901 706 1964; x_wconf 73' lang='grc' dir='ltr'>δὲ</span> <span class='ocrx_word' id='word_1_138' title='bbox 725 1899 798 1986; x_wconf 80' lang='grc' dir='ltr'><strong><em>ὅπερ</em></strong></span> <span class='ocrx_word' id='word_1_139' title='bbox 819 1891 856 1982; x_wconf 78' lang='grc' dir='ltr'>ἦν</span> <span class='ocrx_word' id='word_1_140' title='bbox 876 1899 999 1982; x_wconf 74' lang='grc' dir='ltr'><strong><em>ἀληθές.</em></strong></span> <span class='ocrx_word' id='word_1_141' title='bbox 1051 1896 1247 1984; x_wconf 74' lang='grc' dir='ltr'><strong><em>ίξαγαγόντος</em></strong></span> <span class='ocrx_word' id='word_1_142' title='bbox 1258 1897 1317 1984; x_wconf 74' lang='grc' dir='ltr'><strong><em>γάρ</em></strong></span> <span class='ocrx_word' id='word_1_143' title='bbox 1327 1909 1359 1967; x_wconf 81' lang='lat'>1⁵</span> 
     </span>
     <span class='ocr_line' id='line_1_17' title="bbox 225 1999 1319 2088; baseline -0.005 -21"><span class='ocrx_word' id='word_1_144' title='bbox 225 2003 401 2077; x_wconf 60' lang='lat' dir='ltr'>Maitonion</span> <span class='ocrx_word' id='word_1_145' title='bbox 425 2003 485 2088; x_wconf 79' lang='grc' dir='ltr'>πρὸ</span> <span class='ocrx_word' id='word_1_146' title='bbox 507 2009 563 2084; x_wconf 84' lang='grc' dir='ltr'><strong><em>τῆς</em></strong></span> <span class='ocrx_word' id='word_1_147' title='bbox 578 2000 697 2086; x_wconf 81' lang='grc' dir='ltr'><strong><em>Ῥώμης</em></strong></span> <span class='ocrx_word' id='word_1_148' title='bbox 714 2002 749 2066; x_wconf 81' lang='grc' dir='ltr'><strong><em>τό</em></strong></span> <span class='ocrx_word' id='word_1_149' title='bbox 772 1999 955 2088; x_wconf 87' lang='grc' dir='ltr'><strong><em>στράτευμα,</em></strong></span> <span class='ocrx_word' id='word_1_150' title='bbox 980 2001 1031 2065; x_wconf 82' lang='grc' dir='ltr'><strong><em>καί</em></strong></span> <span class='ocrx_word' id='word_1_151' title='bbox 1057 1999 1112 2083; x_wconf 80' lang='grc' dir='ltr'>τὴν</span> <span class='ocrx_word' id='word_1_152' title='bbox 1128 2001 1263 2086; x_wconf 73' lang='grc' dir='ltr'><strong><em>γέφυραν</em></strong></span> <span class='ocrx_word' id='word_1_153' title='bbox 1281 1999 1319 2084; x_wconf 77' lang='grc' dir='ltr'>ἢν</span> 
     </span>
     <span class='ocr_line' id='line_1_18' title="bbox 226 2099 1373 2189; baseline -0.002 -19"><span class='ocrx_word' id='word_1_154' title='bbox 226 2103 320 2180; x_wconf 84' lang='grc' dir='ltr'><strong><em>αύτὸς</em></strong></span> <span class='ocrx_word' id='word_1_155' title='bbox 342 2103 437 2182; x_wconf 74' lang='grc' dir='ltr'><strong><em>ἔζευξε</em></strong></span> <span class='ocrx_word' id='word_1_156' title='bbox 461 2102 637 2185; x_wconf 81' lang='grc' dir='ltr'><strong><em>διαβάντος,</em></strong></span> <span class='ocrx_word' id='word_1_157' title='bbox 661 2103 923 2189; x_wconf 76' lang='grc' dir='ltr'><strong><em>ηλαύκεςάπείρῳ</em></strong></span> <span class='ocrx_word' id='word_1_158' title='bbox 941 2099 1051 2186; x_wconf 75' lang='grc' dir='ltr'><strong><em>πλήθει</em></strong></span> <span class='ocrx_word' id='word_1_159' title='bbox 1076 2109 1268 2168; x_wconf 82' lang='grc' dir='ltr'><strong><em>καταπτᾶσαι</em></strong></span> <span class='ocrx_word' id='word_1_160' title='bbox 1284 2103 1320 2168; x_wconf 86' lang='grc' dir='ltr'><strong><em>τδ</em></strong></span> <span class='ocrx_word' id='word_1_161' title='bbox 1371 2121 1373 2128; x_wconf 82' lang='grc'>’</span> 
     </span>
     <span class='ocr_line' id='line_1_19' title="bbox 174 2202 1319 2300; baseline -0.001 -29"><span class='ocrx_word' id='word_1_162' title='bbox 174 2284 176 2289; x_wconf 18' lang='lat'><strong>¹</strong></span> <span class='ocrx_word' id='word_1_163' title='bbox 224 2216 323 2290; x_wconf 73' lang='grc' dir='ltr'><strong><em>τεῖχος</em></strong></span> <span class='ocrx_word' id='word_1_164' title='bbox 333 2204 529 2294; x_wconf 75' lang='grc' dir='ltr'><strong><em>ἐπλήρωσαν·</em></strong></span> <span class='ocrx_word' id='word_1_165' title='bbox 554 2204 627 2292; x_wconf 82' lang='grc' dir='ltr'><strong><em>ὅπερ</em></strong></span> <span class='ocrx_word' id='word_1_166' title='bbox 652 2203 842 2300; x_wconf 74' lang='grc' dir='ltr'><strong><em>θεασάμενος</em></strong></span> <span class='ocrx_word' id='word_1_167' title='bbox 862 2202 878 2268; x_wconf 83' lang='grc' dir='ltr'>ὁ</span> <span class='ocrx_word' id='word_1_168' title='bbox 898 2207 1124 2282; x_wconf 85' lang='grc' dir='ltr'><strong><em>Κωνσταντῖνος</em></strong></span> <span class='ocrx_word' id='word_1_169' title='bbox 1140 2202 1319 2272; x_wconf 83' lang='grc' dir='ltr'><strong><em>ίνεκελεύετο</em></strong></span> 
     </span>
     <span class='ocr_line' id='line_1_20' title="bbox 224 2306 1320 2406; baseline 0.002 -32"><span class='ocrx_word' id='word_1_170' title='bbox 224 2307 392 2406; x_wconf 70' lang='grc' dir='ltr'><strong><em>τάττεσθαι</em></strong></span> <span class='ocrx_word' id='word_1_171' title='bbox 416 2321 479 2386; x_wconf 88' lang='grc' dir='ltr'><strong><em>τοῖς</em></strong></span> <span class='ocrx_word' id='word_1_172' title='bbox 502 2311 630 2386; x_wconf 72' lang='grc' dir='ltr'><strong><em>οἰκείοις.</em></strong></span> <span class='ocrx_word' id='word_1_173' title='bbox 681 2306 816 2374; x_wconf 86' lang='grc' dir='ltr'><strong><em>στάντων</em></strong></span> <span class='ocrx_word' id='word_1_174' title='bbox 834 2309 866 2372; x_wconf 75' lang='grc' dir='ltr'>δὲ</span> <span class='ocrx_word' id='word_1_175' title='bbox 885 2307 963 2373; x_wconf 78' lang='grc' dir='ltr'><strong><em>κατὰ</em></strong></span> <span class='ocrx_word' id='word_1_176' title='bbox 979 2310 1091 2396; x_wconf 87' lang='grc' dir='ltr'><strong><em>κίρατα</em></strong></span> <span class='ocrx_word' id='word_1_177' title='bbox 1110 2313 1171 2372; x_wconf 80' lang='grc' dir='ltr'>τῶν</span> <span class='ocrx_word' id='word_1_178' title='bbox 1189 2333 1320 2396; x_wconf 80' lang='lat' dir='ltr'>orpore-</span> 
     </span>
     <span class='ocr_line' id='line_1_21' title="bbox 223 2407 1361 2497; baseline -0.004 -21"><span class='ocrx_word' id='word_1_179' title='bbox 223 2414 323 2478; x_wconf 82' lang='grc' dir='ltr'><strong><em>πίδονν</em></strong></span> <span class='ocrx_word' id='word_1_180' title='bbox 342 2413 450 2476; x_wconf 81' lang='grc' dir='ltr'><strong><em>ἀντίαν</em></strong></span> <span class='ocrx_word' id='word_1_181' title='bbox 468 2409 626 2496; x_wconf 78' lang='grc' dir='ltr'><strong><em>ἀλλήλοις,</em></strong></span> <span class='ocrx_word' id='word_1_182' title='bbox 652 2412 786 2497; x_wconf 70' lang='grc' dir='ltr'><strong><em>ἐπαφῆκε</em></strong></span> <span class='ocrx_word' id='word_1_183' title='bbox 806 2409 860 2495; x_wconf 77' lang='grc' dir='ltr'>τὴν</span> <span class='ocrx_word' id='word_1_184' title='bbox 879 2413 973 2476; x_wconf 68' lang='grc' dir='ltr'><strong><em>’ίππον</em></strong></span> <span class='ocrx_word' id='word_1_185' title='bbox 996 2407 1013 2476; x_wconf 81' lang='grc' dir='ltr'><strong><em>ό</em></strong></span> <span class='ocrx_word' id='word_1_186' title='bbox 1034 2413 1273 2492; x_wconf 85' lang='grc' dir='ltr'><strong><em>Κωνσταντΐνος,</em></strong></span> <span class='ocrx_word' id='word_1_187' title='bbox 1298 2409 1361 2496; x_wconf 65' lang='grc' dir='ltr'>ἧίθ</span> 
     </span>
     <span class='ocr_line' id='line_1_22' title="bbox 223 2510 1320 2601; baseline 0 -21"><span class='ocrx_word' id='word_1_188' title='bbox 223 2516 258 2580; x_wconf 77' lang='grc' dir='ltr'>’δὲ</span> <span class='ocrx_word' id='word_1_189' title='bbox 282 2511 455 2579; x_wconf 75' lang='grc' dir='ltr'><strong><em>δπελάσασα</em></strong></span> <span class='ocrx_word' id='word_1_190' title='bbox 473 2521 534 2583; x_wconf 74' lang='grc' dir='ltr'>τῶν</span> <span class='ocrx_word' id='word_1_191' title='bbox 559 2516 700 2579; x_wconf 84' lang='grc' dir='ltr'><strong><em>ίναντίιυν</em></strong></span> <span class='ocrx_word' id='word_1_192' title='bbox 721 2513 835 2580; x_wconf 68' lang='lat' dir='ltr'>iuniore</span> <span class='ocrx_word' id='word_1_193' title='bbox 854 2510 980 2600; x_wconf 65' lang='grc' dir='ltr'><strong><em>ἐκράτει.</em></strong></span> <span class='ocrx_word' id='word_1_194' title='bbox 1041 2511 1189 2601; x_wconf 73' lang='grc' dir='ltr'><strong><em>άρθίντος</em></strong></span> <span class='ocrx_word' id='word_1_195' title='bbox 1210 2515 1244 2579; x_wconf 75' lang='grc' dir='ltr'>δὲ</span> <span class='ocrx_word' id='word_1_196' title='bbox 1269 2517 1320 2580; x_wconf 83' lang='grc' dir='ltr'><strong><em>καί</em></strong></span> 
     </span>
     <span class='ocr_line' id='line_1_23' title="bbox 225 2607 1321 2704; baseline -0.001 -22"><span class='ocrx_word' id='word_1_197' title='bbox 225 2627 289 2694; x_wconf 84' lang='grc' dir='ltr'><strong><em>τοῖς</em></strong></span> <span class='ocrx_word' id='word_1_198' title='bbox 311 2621 409 2696; x_wconf 80' lang='grc' dir='ltr'><strong><em>πεζοῖς</em></strong></span> <span class='ocrx_word' id='word_1_199' title='bbox 432 2623 486 2682; x_wconf 82' lang='grc' dir='ltr'><strong><em>τοῦ</em></strong></span> <span class='ocrx_word' id='word_1_200' title='bbox 509 2621 651 2701; x_wconf 85' lang='grc' dir='ltr'><strong><em>σημείου,</em></strong></span> <span class='ocrx_word' id='word_1_201' title='bbox 685 2620 735 2681; x_wconf 81' lang='grc' dir='ltr'><strong><em>καί</em></strong></span> <span class='ocrx_word' id='word_1_202' title='bbox 765 2607 848 2682; x_wconf 75' lang='grc' dir='ltr'><strong><em>οὗτοι</em></strong></span> <span class='ocrx_word' id='word_1_203' title='bbox 878 2616 934 2680; x_wconf 86' lang='grc' dir='ltr'>σύν</span> <span class='ocrx_word' id='word_1_204' title='bbox 954 2613 1058 2704; x_wconf 87' lang='grc' dir='ltr'><strong><em>κόσμῳ</em></strong></span> <span class='ocrx_word' id='word_1_205' title='bbox 1081 2626 1145 2692; x_wconf 83' lang='grc' dir='ltr'><strong><em>ταῖς</em></strong></span> <span class='ocrx_word' id='word_1_206' title='bbox 1168 2619 1321 2702; x_wconf 86' lang='grc' dir='ltr'><strong><em>πολεμίαις</em></strong></span> 
     </span>
     <span class='ocr_line' id='line_1_24' title="bbox 226 2715 1320 2810; baseline 0.001 -25"><span class='ocrx_word' id='word_1_207' title='bbox 226 2717 365 2810; x_wconf 71' lang='grc' dir='ltr'><strong><em>ἐπῄεσαν.</em></strong></span> <span class='ocrx_word' id='word_1_208' title='bbox 413 2721 574 2807; x_wconf 70' lang='grc' dir='ltr'><strong><em>γενομένης</em></strong></span> <span class='ocrx_word' id='word_1_209' title='bbox 592 2722 626 2786; x_wconf 77' lang='grc' dir='ltr'>δὲ</span> <span class='ocrx_word' id='word_1_210' title='bbox 647 2717 749 2805; x_wconf 85' lang='grc' dir='ltr'><strong><em>μάχης</em></strong></span> <span class='ocrx_word' id='word_1_211' title='bbox 770 2725 919 2810; x_wconf 82' lang='grc' dir='ltr'><strong><em>καρτερᾶς</em></strong></span> <span class='ocrx_word' id='word_1_212' title='bbox 942 2719 1028 2784; x_wconf 83' lang='grc' dir='ltr'><strong><em>αύτολ</em></strong></span> <span class='ocrx_word' id='word_1_213' title='bbox 1043 2720 1099 2803; x_wconf 79' lang='grc' dir='ltr'>μὲν</span> <span class='ocrx_word' id='word_1_214' title='bbox 1111 2715 1254 2805; x_wconf 79' lang='grc' dir='ltr'><strong><em>Ῥωμαῖοι</em></strong></span> <span class='ocrx_word' id='word_1_215' title='bbox 1268 2721 1320 2788; x_wconf 82' lang='grc' dir='ltr'><strong><em>καί</em></strong></span> 
     </span>
    </p>
   </div>
   <div class='ocr_carea' id='block_1_5' title="bbox 294 2928 1201 3003">
    <p class='ocr_par' dir='ltr' id='par_1_5' title="bbox 294 2928 1201 3003">
     <span class='ocr_line' id='line_1_25' title="bbox 294 2928 1201 3003; baseline 0.001 -14"><span class='ocrx_word' id='word_1_216' title='bbox 294 2935 314 2989; x_wconf 80' lang='lat'>2</span> <span class='ocrx_word' id='word_1_217' title='bbox 328 2931 367 3003; x_wconf 77' lang='grc' dir='ltr'>μὴ</span> <span class='ocrx_word' id='word_1_218' title='bbox 380 2949 422 2988; x_wconf 86' lang='lat' dir='ltr'>om</span> <span class='ocrx_word' id='word_1_219' title='bbox 430 2934 464 2988; x_wconf 84' lang='lat' dir='ltr'>P.</span> <span class='ocrx_word' id='word_1_220' title='bbox 567 2935 601 2992; x_wconf 78' lang='lat'>1³</span> <span class='ocrx_word' id='word_1_221' title='bbox 617 2930 650 2989; x_wconf 83' lang='grc' dir='ltr'><strong><em>τδ</em></strong></span> <span class='ocrx_word' id='word_1_222' title='bbox 664 2930 760 3002; x_wconf 75' lang='grc' dir='ltr'><strong><em>λύμαν</em></strong></span> <span class='ocrx_word' id='word_1_223' title='bbox 775 2930 958 2987; x_wconf 78' lang='lat' dir='ltr'>bemclariusr</span> <span class='ocrx_word' id='word_1_224' title='bbox 977 2929 1036 2985; x_wconf 88' lang='lat' dir='ltr'>libri</span> <span class='ocrx_word' id='word_1_225' title='bbox 1047 2928 1080 2986; x_wconf 82' lang='grc' dir='ltr'><strong><em>τὸ</em></strong></span> <span class='ocrx_word' id='word_1_226' title='bbox 1094 2929 1201 2990; x_wconf 78' lang='grc' dir='ltr'><strong><em>λοιπόν.</em></strong></span> 
     </span>
    </p>
   </div>
   <div class='ocr_carea' id='block_1_6' title="bbox 112 3117 1320 3189">
    <p class='ocr_par' dir='ltr' id='par_1_6' title="bbox 112 3117 1320 3189">
     <span class='ocr_line' id='line_1_26' title="bbox 112 3117 1320 3189; baseline 0.004 -20"><span class='ocrx_word' id='word_1_227' title='bbox 112 3163 116 3169; x_wconf 91' lang='grc'><em>.</em></span> <span class='ocrx_word' id='word_1_228' title='bbox 226 3123 306 3174; x_wconf 82' lang='lat' dir='ltr'>terso</span> <span class='ocrx_word' id='word_1_229' title='bbox 316 3119 425 3188; x_wconf 82' lang='lat' dir='ltr'>quodam</span> <span class='ocrx_word' id='word_1_230' title='bbox 436 3119 511 3172; x_wconf 79' lang='lat' dir='ltr'>morlo</span> <span class='ocrx_word' id='word_1_231' title='bbox 524 3128 703 3174; x_wconf 78' lang='lat' dir='ltr'>concurrerent</span> <span class='ocrx_word' id='word_1_232' title='bbox 712 3119 797 3173; x_wconf 85' lang='lat' dir='ltr'>fibulis</span> <span class='ocrx_word' id='word_1_233' title='bbox 808 3117 914 3187; x_wconf 77' lang='lat' dir='ltr'>terreis,</span> <span class='ocrx_word' id='word_1_234' title='bbox 931 3135 997 3189; x_wconf 87' lang='lat' dir='ltr'>qnae</span> <span class='ocrx_word' id='word_1_235' title='bbox 1008 3118 1204 3186; x_wconf 72' lang='lat' dir='ltr'>revellebantur,</span> <span class='ocrx_word' id='word_1_236' title='bbox 1219 3117 1320 3188; x_wconf 85' lang='lat' dir='ltr'>quoties</span> 
     </span>
    </p>
   </div>
   <div class='ocr_carea' id='block_1_7' title="bbox 226 3187 1323 4012">
    <p class='ocr_par' dir='ltr' id='par_1_7' title="bbox 226 3187 1323 4012">
     <span class='ocr_line' id='line_1_27' title="bbox 226 3187 1322 3270; baseline 0.003 -29"><span class='ocrx_word' id='word_1_237' title='bbox 226 3195 329 3260; x_wconf 87' lang='lat' dir='ltr'>pontem</span> <span class='ocrx_word' id='word_1_238' title='bbox 348 3189 405 3258; x_wconf 92' lang='lat' dir='ltr'>quis</span> <span class='ocrx_word' id='word_1_239' title='bbox 423 3189 535 3241; x_wconf 88' lang='lat' dir='ltr'>iunctum</span> <span class='ocrx_word' id='word_1_240' title='bbox 555 3190 642 3242; x_wconf 89' lang='lat' dir='ltr'>nollet.</span> <span class='ocrx_word' id='word_1_241' title='bbox 675 3189 749 3243; x_wconf 85' lang='lat' dir='ltr'>simul</span> <span class='ocrx_word' id='word_1_242' title='bbox 767 3190 875 3270; x_wconf 85' lang='lat' dir='ltr'>imperet</span> <span class='ocrx_word' id='word_1_243' title='bbox 893 3189 985 3252; x_wconf 83' lang='lat' dir='ltr'>inbrir,</span> <span class='ocrx_word' id='word_1_244' title='bbox 1004 3187 1182 3258; x_wconf 87' lang='lat' dir='ltr'>cumprimum</span> <span class='ocrx_word' id='word_1_245' title='bbox 1202 3187 1322 3244; x_wconf 82' lang='lat' dir='ltr'>viderent</span> 
     </span>
     <span class='ocr_line' id='line_1_28' title="bbox 227 3256 1321 3328; baseline 0.001 -18"><span class='ocrx_word' id='word_1_246' title='bbox 227 3258 363 3310; x_wconf 80' lang='lat' dir='ltr'>exercitum</span> <span class='ocrx_word' id='word_1_247' title='bbox 377 3257 537 3309; x_wconf 58' lang='lat' dir='ltr'>consentini</span> <span class='ocrx_word' id='word_1_248' title='bbox 554 3257 687 3310; x_wconf 68' lang='lat' dir='ltr'>lunmurae</span> <span class='ocrx_word' id='word_1_249' title='bbox 705 3258 788 3326; x_wconf 90' lang='lat' dir='ltr'>pontis</span> <span class='ocrx_word' id='word_1_250' title='bbox 805 3257 932 3322; x_wconf 78' lang='lat' dir='ltr'>resistere,</span> <span class='ocrx_word' id='word_1_251' title='bbox 949 3257 1040 3309; x_wconf 82' lang='lat' dir='ltr'>tibulus</span> <span class='ocrx_word' id='word_1_252' title='bbox 1051 3256 1202 3310; x_wconf 79' lang='lat' dir='ltr'>revellerent</span> <span class='ocrx_word' id='word_1_253' title='bbox 1212 3274 1244 3310; x_wconf 84' lang='lat' dir='ltr'>sc</span> <span class='ocrx_word' id='word_1_254' title='bbox 1255 3275 1321 3328; x_wconf 89' lang='lat' dir='ltr'>pon-</span> 
     </span>
     <span class='ocr_line' id='line_1_29' title="bbox 227 3323 1321 3394; baseline 0.003 -17"><span class='ocrx_word' id='word_1_255' title='bbox 227 3332 281 3377; x_wconf 89' lang='lat' dir='ltr'>tem</span> <span class='ocrx_word' id='word_1_256' title='bbox 301 3325 438 3388; x_wconf 83' lang='lat' dir='ltr'>solverent,</span> <span class='ocrx_word' id='word_1_257' title='bbox 455 3335 485 3380; x_wconf 91' lang='lat' dir='ltr'>nt</span> <span class='ocrx_word' id='word_1_258' title='bbox 514 3333 621 3394; x_wconf 85' lang='lat' dir='ltr'>notquot</span> <span class='ocrx_word' id='word_1_259' title='bbox 638 3325 696 3378; x_wconf 87' lang='lat' dir='ltr'>buic</span> <span class='ocrx_word' id='word_1_260' title='bbox 713 3326 874 3390; x_wconf 83' lang='lat' dir='ltr'>insisterent,</span> <span class='ocrx_word' id='word_1_261' title='bbox 898 3325 924 3378; x_wconf 89' lang='lat' dir='ltr'>in</span> <span class='ocrx_word' id='word_1_262' title='bbox 941 3323 1045 3378; x_wconf 79' lang='lat' dir='ltr'>flurium</span> <span class='ocrx_word' id='word_1_263' title='bbox 1064 3323 1250 3378; x_wconf 81' lang='lat' dir='ltr'>delaberentnr.</span> <span class='ocrx_word' id='word_1_264' title='bbox 1289 3343 1321 3380; x_wconf 89' lang='lat' dir='ltr'>ac</span> 
     </span>
     <span class='ocr_line' id='line_1_30' title="bbox 226 3393 1322 3464; baseline 0.002 -18"><span class='ocrx_word' id='word_1_265' title='bbox 226 3393 370 3446; x_wconf 70' lang='lat' dir='ltr'>Maxentius</span> <span class='ocrx_word' id='word_1_266' title='bbox 388 3394 487 3462; x_wconf 87' lang='lat' dir='ltr'>quidem</span> <span class='ocrx_word' id='word_1_267' title='bbox 523 3411 569 3446; x_wconf 84' lang='lat' dir='ltr'>nec</span> <span class='ocrx_word' id='word_1_268' title='bbox 586 3397 712 3462; x_wconf 83' lang='lat' dir='ltr'>struebat,</span> <span class='ocrx_word' id='word_1_269' title='bbox 746 3393 821 3464; x_wconf 88' lang='grc'>(16)</span> <span class='ocrx_word' id='word_1_270' title='bbox 839 3393 1022 3446; x_wconf 68' lang='lat' dir='ltr'>Constantinus</span> <span class='ocrx_word' id='word_1_271' title='bbox 1041 3401 1125 3446; x_wconf 82' lang='lat' dir='ltr'>eutem</span> <span class='ocrx_word' id='word_1_272' title='bbox 1143 3396 1322 3448; x_wconf 82' lang='lat' dir='ltr'>cumexereitu</span> 
     </span>
     <span class='ocr_line' id='line_1_31' title="bbox 228 3461 1323 3546; baseline 0.004 -33"><span class='ocrx_word' id='word_1_273' title='bbox 228 3461 335 3532; x_wconf 75' lang='lat' dir='ltr'>Romano</span> <span class='ocrx_word' id='word_1_274' title='bbox 350 3477 431 3530; x_wconf 88' lang='lat' dir='ltr'>usque</span> <span class='ocrx_word' id='word_1_275' title='bbox 447 3480 597 3546; x_wconf 85' lang='lat' dir='ltr'>progressus</span> <span class='ocrx_word' id='word_1_276' title='bbox 617 3470 677 3515; x_wconf 80' lang='lat' dir='ltr'>unte</span> <span class='ocrx_word' id='word_1_277' title='bbox 694 3463 781 3516; x_wconf 85' lang='lat' dir='ltr'>urbem</span> <span class='ocrx_word' id='word_1_278' title='bbox 803 3469 889 3515; x_wconf 74' lang='lat' dir='ltr'>casim</span> <span class='ocrx_word' id='word_1_279' title='bbox 907 3469 1016 3516; x_wconf 86' lang='lat' dir='ltr'>metatur</span> <span class='ocrx_word' id='word_1_280' title='bbox 1031 3461 1057 3514; x_wconf 91' lang='lat' dir='ltr'>in</span> <span class='ocrx_word' id='word_1_281' title='bbox 1073 3479 1161 3532; x_wconf 85' lang='lat' dir='ltr'>campo</span> <span class='ocrx_word' id='word_1_282' title='bbox 1179 3464 1223 3533; x_wconf 90' lang='lat' dir='ltr'>qui</span> <span class='ocrx_word' id='word_1_283' title='bbox 1235 3465 1323 3517; x_wconf 89' lang='lat' dir='ltr'>etlate</span> 
     </span>
     <span class='ocr_line' id='line_1_32' title="bbox 227 3531 1322 3600; baseline 0.003 -19"><span class='ocrx_word' id='word_1_284' title='bbox 227 3537 301 3600; x_wconf 89' lang='lat' dir='ltr'>patet</span> <span class='ocrx_word' id='word_1_285' title='bbox 312 3537 340 3582; x_wconf 91' lang='lat' dir='ltr'>et</span> <span class='ocrx_word' id='word_1_286' title='bbox 350 3531 499 3599; x_wconf 81' lang='lat' dir='ltr'>equitntroni</span> <span class='ocrx_word' id='word_1_287' title='bbox 511 3539 552 3583; x_wconf 90' lang='lat' dir='ltr'>est</span> <span class='ocrx_word' id='word_1_288' title='bbox 562 3539 729 3600; x_wconf 89' lang='lat' dir='ltr'>opportunus.</span> <span class='ocrx_word' id='word_1_289' title='bbox 757 3531 902 3584; x_wconf 83' lang='lat' dir='ltr'>Maxentius</span> <span class='ocrx_word' id='word_1_290' title='bbox 915 3531 1027 3584; x_wconf 86' lang='lat' dir='ltr'>inclusus</span> <span class='ocrx_word' id='word_1_291' title='bbox 1037 3531 1084 3584; x_wconf 86' lang='lat' dir='ltr'>diis</span> <span class='ocrx_word' id='word_1_292' title='bbox 1096 3532 1190 3584; x_wconf 74' lang='lat' dir='ltr'>nosnos</span> <span class='ocrx_word' id='word_1_293' title='bbox 1201 3532 1322 3600; x_wconf 84' lang='lat' dir='ltr'>immolet,</span> 
     </span>
     <span class='ocr_line' id='line_1_33' title="bbox 227 3599 1323 3680; baseline 0.003 -29"><span class='ocrx_word' id='word_1_294' title='bbox 227 3605 254 3651; x_wconf 87' lang='lat' dir='ltr'>ct</span> <span class='ocrx_word' id='word_1_295' title='bbox 266 3599 403 3668; x_wconf 82' lang='lat' dir='ltr'>extispires</span> <span class='ocrx_word' id='word_1_296' title='bbox 413 3599 445 3652; x_wconf 86' lang='lat' dir='ltr'>de</span> <span class='ocrx_word' id='word_1_297' title='bbox 456 3600 515 3660; x_wconf 83' lang='lat' dir='ltr'>belli</span> <span class='ocrx_word' id='word_1_298' title='bbox 526 3610 619 3651; x_wconf 80' lang='lat' dir='ltr'>eventu</span> <span class='ocrx_word' id='word_1_299' title='bbox 637 3601 761 3661; x_wconf 82' lang='lat' dir='ltr'>constrlit,</span> <span class='ocrx_word' id='word_1_300' title='bbox 779 3600 841 3668; x_wconf 77' lang='lat' dir='ltr'>ipsis</span> <span class='ocrx_word' id='word_1_301' title='bbox 852 3616 954 3680; x_wconf 81' lang='lat' dir='ltr'>quoque</span> <span class='ocrx_word' id='word_1_302' title='bbox 965 3600 1094 3668; x_wconf 76' lang='lat' dir='ltr'>Sibyllinis</span> <span class='ocrx_word' id='word_1_303' title='bbox 1106 3600 1217 3654; x_wconf 90' lang='lat' dir='ltr'>oraculis</span> <span class='ocrx_word' id='word_1_304' title='bbox 1230 3617 1323 3672; x_wconf 83' lang='lat' dir='ltr'>perve-</span> 
     </span>
     <span class='ocr_line' id='line_1_34' title="bbox 226 3667 1322 3738; baseline 0.002 -18"><span class='ocrx_word' id='word_1_305' title='bbox 226 3667 335 3734; x_wconf 76' lang='lat' dir='ltr'>stigatio.</span> <span class='ocrx_word' id='word_1_306' title='bbox 370 3685 476 3736; x_wconf 82' lang='lat' dir='ltr'>cumque</span> <span class='ocrx_word' id='word_1_307' title='bbox 492 3668 650 3738; x_wconf 81' lang='lat' dir='ltr'>repperisset</span> <span class='ocrx_word' id='word_1_308' title='bbox 667 3670 810 3735; x_wconf 86' lang='lat' dir='ltr'>oraculum,</span> <span class='ocrx_word' id='word_1_309' title='bbox 828 3683 878 3736; x_wconf 90' lang='lat' dir='ltr'>quo</span> <span class='ocrx_word' id='word_1_310' title='bbox 898 3685 911 3718; x_wconf 88' lang='lat' dir='ltr'>s</span> <span class='ocrx_word' id='word_1_311' title='bbox 940 3668 1086 3721; x_wconf 84' lang='lat' dir='ltr'>nificaretur</span> <span class='ocrx_word' id='word_1_312' title='bbox 1102 3669 1128 3721; x_wconf 91' lang='lat' dir='ltr'>in</span> <span class='ocrx_word' id='word_1_313' title='bbox 1147 3670 1204 3722; x_wconf 86' lang='lat' dir='ltr'>latis</span> <span class='ocrx_word' id='word_1_314' title='bbox 1222 3686 1279 3722; x_wconf 80' lang='lat' dir='ltr'>esse</span> <span class='ocrx_word' id='word_1_315' title='bbox 1293 3674 1322 3722; x_wconf 90' lang='lat' dir='ltr'>ut</span> 
     </span>
     <span class='ocr_line' id='line_1_35' title="bbox 227 3735 1323 3820; baseline 0.003 -32"><span class='ocrx_word' id='word_1_316' title='bbox 227 3735 272 3805; x_wconf 91' lang='lat' dir='ltr'>qui</span> <span class='ocrx_word' id='word_1_317' title='bbox 287 3737 321 3788; x_wconf 78' lang='lat' dir='ltr'>erl</span> <span class='ocrx_word' id='word_1_318' title='bbox 340 3737 514 3790; x_wconf 83' lang='lat' dir='ltr'>detrimentum</span> <span class='ocrx_word' id='word_1_319' title='bbox 533 3737 621 3806; x_wconf 87' lang='lat' dir='ltr'>populi</span> <span class='ocrx_word' id='word_1_320' title='bbox 641 3737 748 3790; x_wconf 86' lang='lat' dir='ltr'>llorneni</span> <span class='ocrx_word' id='word_1_321' title='bbox 763 3735 905 3804; x_wconf 85' lang='lat' dir='ltr'>spectantis</span> <span class='ocrx_word' id='word_1_322' title='bbox 936 3735 1075 3820; x_wconf 62' lang='lat' dir='ltr'>esigneret2</span> <span class='ocrx_word' id='word_1_323' title='bbox 1094 3737 1229 3791; x_wconf 80' lang='lat' dir='ltr'>miserabili</span> <span class='ocrx_word' id='word_1_324' title='bbox 1240 3745 1323 3791; x_wconf 83' lang='lat' dir='ltr'>morte</span> 
     </span>
     <span class='ocr_line' id='line_1_36' title="bbox 226 3804 1323 3876; baseline 0.002 -19"><span class='ocrx_word' id='word_1_325' title='bbox 226 3804 333 3876; x_wconf 87' lang='lat' dir='ltr'>periret,</span> <span class='ocrx_word' id='word_1_326' title='bbox 351 3806 384 3857; x_wconf 91' lang='lat' dir='ltr'>de</span> <span class='ocrx_word' id='word_1_327' title='bbox 401 3814 483 3857; x_wconf 88' lang='lat' dir='ltr'>semet</span> <span class='ocrx_word' id='word_1_328' title='bbox 502 3806 557 3875; x_wconf 91' lang='lat' dir='ltr'>ipso</span> <span class='ocrx_word' id='word_1_329' title='bbox 573 3806 599 3858; x_wconf 88' lang='lat' dir='ltr'>id</span> <span class='ocrx_word' id='word_1_330' title='bbox 617 3807 744 3859; x_wconf 85' lang='lat' dir='ltr'>oraculum</span> <span class='ocrx_word' id='word_1_331' title='bbox 762 3805 915 3873; x_wconf 80' lang='lat' dir='ltr'>accipiebat,</span> <span class='ocrx_word' id='word_1_332' title='bbox 942 3805 1014 3873; x_wconf 82' lang='lat' dir='ltr'>qnasi</span> <span class='ocrx_word' id='word_1_333' title='bbox 1032 3821 1075 3875; x_wconf 84' lang='lat' dir='ltr'>qut</span> <span class='ocrx_word' id='word_1_334' title='bbox 1095 3805 1200 3859; x_wconf 83' lang='lat' dir='ltr'>Romam</span> <span class='ocrx_word' id='word_1_335' title='bbox 1218 3806 1323 3859; x_wconf 82' lang='lat' dir='ltr'>adortos</span> 
     </span>
     <span class='ocr_line' id='line_1_37' title="bbox 228 3871 1322 3944; baseline 0 -18"><span class='ocrx_word' id='word_1_336' title='bbox 228 3891 333 3943; x_wconf 88' lang='lat' dir='ltr'>eamque</span> <span class='ocrx_word' id='word_1_337' title='bbox 344 3891 438 3943; x_wconf 82' lang='lat' dir='ltr'>cepere</span> <span class='ocrx_word' id='word_1_338' title='bbox 449 3876 592 3942; x_wconf 83' lang='lat' dir='ltr'>cogitantes</span> <span class='ocrx_word' id='word_1_339' title='bbox 620 3875 772 3944; x_wconf 87' lang='lat' dir='ltr'>repulsaret.</span> <span class='ocrx_word' id='word_1_340' title='bbox 808 3879 914 3925; x_wconf 82' lang='lat' dir='ltr'>eventus</span> <span class='ocrx_word' id='word_1_341' title='bbox 931 3882 1015 3925; x_wconf 88' lang='lat' dir='ltr'>antem</span> <span class='ocrx_word' id='word_1_342' title='bbox 1031 3871 1205 3942; x_wconf 88' lang='lat' dir='ltr'>comprobavit</span> <span class='ocrx_word' id='word_1_343' title='bbox 1216 3875 1243 3926; x_wconf 90' lang='lat' dir='ltr'>id</span> <span class='ocrx_word' id='word_1_344' title='bbox 1253 3873 1322 3943; x_wconf 85' lang='lat' dir='ltr'>quod</span> 
     </span>
     <span class='ocr_line' id='line_1_38' title="bbox 227 3941 1323 4012; baseline 0 -18"><span class='ocrx_word' id='word_1_345' title='bbox 227 3960 315 3996; x_wconf 84' lang='lat' dir='ltr'>verum</span> <span class='ocrx_word' id='word_1_346' title='bbox 336 3949 402 3998; x_wconf 87' lang='lat' dir='ltr'>eret.</span> <span class='ocrx_word' id='word_1_347' title='bbox 437 3960 493 3995; x_wconf 86' lang='lat' dir='ltr'>narn</span> <span class='ocrx_word' id='word_1_348' title='bbox 512 3962 567 3996; x_wconf 87' lang='lat' dir='ltr'>oum</span> <span class='ocrx_word' id='word_1_349' title='bbox 650 3945 732 3997; x_wconf 85' lang='lat' dir='ltr'>entius</span> <span class='ocrx_word' id='word_1_350' title='bbox 747 3961 779 3995; x_wconf 83' lang='lat' dir='ltr'>er</span> <span class='ocrx_word' id='word_1_351' title='bbox 792 3941 951 4010; x_wconf 87' lang='lat' dir='ltr'>urbecopins</span> <span class='ocrx_word' id='word_1_352' title='bbox 980 3941 1130 4006; x_wconf 79' lang='lat' dir='ltr'>reduxisset,</span> <span class='ocrx_word' id='word_1_353' title='bbox 1148 3943 1248 4012; x_wconf 85' lang='lat' dir='ltr'>lantque</span> <span class='ocrx_word' id='word_1_354' title='bbox 1258 3959 1323 4012; x_wconf 92' lang='lat' dir='ltr'>pon-</span> 
     </span>
    </p>
   </div>
   <div class='ocr_carea' id='block_1_8' title="bbox 229 4009 1440 4081">
    <p class='ocr_par' dir='ltr' id='par_1_8' title="bbox 229 4009 1440 4081">
     <span class='ocr_line' id='line_1_39' title="bbox 229 4009 1440 4081; baseline 0.001 -18"><span class='ocrx_word' id='word_1_355' title='bbox 229 4018 280 4063; x_wconf 84' lang='lat' dir='ltr'>tent</span> <span class='ocrx_word' id='word_1_356' title='bbox 297 4028 371 4081; x_wconf 83' lang='lat' dir='ltr'>quern</span> <span class='ocrx_word' id='word_1_357' title='bbox 389 4012 444 4081; x_wconf 88' lang='lat' dir='ltr'>ipse</span> <span class='ocrx_word' id='word_1_358' title='bbox 460 4012 579 4065; x_wconf 71' lang='lat' dir='ltr'>iunxerat</span> <span class='ocrx_word' id='word_1_359' title='bbox 595 4013 753 4080; x_wconf 76' lang='lat' dir='ltr'>trmsiisset,</span> <span class='ocrx_word' id='word_1_360' title='bbox 768 4011 934 4079; x_wconf 68' lang='lat' dir='ltr'>infinitaque</span> <span class='ocrx_word' id='word_1_361' title='bbox 969 4027 1008 4064; x_wconf 87' lang='lat' dir='ltr'>arn</span> <span class='ocrx_word' id='word_1_362' title='bbox 1026 4009 1158 4063; x_wconf 90' lang='lat' dir='ltr'>multitudo</span> <span class='ocrx_word' id='word_1_363' title='bbox 1175 4022 1322 4064; x_wconf 84' lang='lat' dir='ltr'>noctuarum</span> <span class='ocrx_word' id='word_1_364' title='bbox 1434 4037 1440 4048; x_wconf 89' lang='lat'><strong>·</strong></span> 
     </span>
    </p>
   </div>
   <div class='ocr_carea' id='block_1_9' title="bbox 229 4079 1323 4358">
    <p class='ocr_par' dir='ltr' id='par_1_9' title="bbox 229 4079 1323 4358">
     <span class='ocr_line' id='line_1_40' title="bbox 230 4079 1322 4151; baseline 0.001 -19"><span class='ocrx_word' id='word_1_365' title='bbox 230 4079 352 4132; x_wconf 84' lang='lat' dir='ltr'>devolans</span> <span class='ocrx_word' id='word_1_366' title='bbox 375 4097 459 4133; x_wconf 86' lang='lat' dir='ltr'>muros</span> <span class='ocrx_word' id='word_1_367' title='bbox 480 4081 632 4150; x_wconf 79' lang='lat' dir='ltr'>complebat.</span> <span class='ocrx_word' id='word_1_368' title='bbox 678 4099 728 4151; x_wconf 91' lang='lat' dir='ltr'>quo</span> <span class='ocrx_word' id='word_1_369' title='bbox 750 4087 887 4150; x_wconf 90' lang='lat' dir='ltr'>conspecto</span> <span class='ocrx_word' id='word_1_370' title='bbox 910 4079 962 4132; x_wconf 85' lang='lat' dir='ltr'>ania</span> <span class='ocrx_word' id='word_1_371' title='bbox 982 4079 1181 4148; x_wconf 79' lang='lat' dir='ltr'>Constantinus,</span> <span class='ocrx_word' id='word_1_372' title='bbox 1198 4085 1227 4132; x_wconf 86' lang='lat' dir='ltr'>nt</span> <span class='ocrx_word' id='word_1_373' title='bbox 1243 4080 1322 4133; x_wconf 74' lang='lat' dir='ltr'>acie·</span> 
     </span>
     <span class='ocr_line' id='line_1_41' title="bbox 230 4147 1323 4218; baseline 0 -18"><span class='ocrx_word' id='word_1_374' title='bbox 230 4156 367 4212; x_wconf 88' lang='lat' dir='ltr'>struerent,</span> <span class='ocrx_word' id='word_1_375' title='bbox 381 4149 497 4218; x_wconf 82' lang='lat' dir='ltr'>imperet</span> <span class='ocrx_word' id='word_1_376' title='bbox 532 4167 588 4202; x_wconf 87' lang='lat' dir='ltr'>curn</span> <span class='ocrx_word' id='word_1_377' title='bbox 600 4151 726 4202; x_wconf 84' lang='lat' dir='ltr'>exercitus</span> <span class='ocrx_word' id='word_1_378' title='bbox 737 4149 854 4218; x_wconf 88' lang='lat' dir='ltr'>utrinque</span> <span class='ocrx_word' id='word_1_379' title='bbox 865 4147 984 4201; x_wconf 89' lang='lat' dir='ltr'>cornibus</span> <span class='ocrx_word' id='word_1_380' title='bbox 995 4149 1111 4201; x_wconf 83' lang='lat' dir='ltr'>adversis</span> <span class='ocrx_word' id='word_1_381' title='bbox 1125 4153 1230 4214; x_wconf 78' lang='lat' dir='ltr'>starent,</span> <span class='ocrx_word' id='word_1_382' title='bbox 1249 4166 1264 4199; x_wconf 91' lang='lat' dir='ltr'>e</span> <span class='ocrx_word' id='word_1_383' title='bbox 1282 4149 1323 4200; x_wconf 89' lang='lat' dir='ltr'>ui-</span> 
     </span>
     <span class='ocr_line' id='line_1_42' title="bbox 229 4216 1323 4288; baseline 0.001 -19"><span class='ocrx_word' id='word_1_384' title='bbox 229 4224 311 4269; x_wconf 85' lang='lat' dir='ltr'>tntum</span> <span class='ocrx_word' id='word_1_385' title='bbox 323 4217 621 4272; x_wconf 79' lang='lat' dir='ltr'>Constantinusimmisit</span> <span class='ocrx_word' id='word_1_386' title='bbox 663 4216 838 4286; x_wconf 75' lang='lat' dir='ltr'>inequitatnm</span> <span class='ocrx_word' id='word_1_387' title='bbox 849 4218 962 4270; x_wconf 86' lang='lat' dir='ltr'>hostilem</span> <span class='ocrx_word' id='word_1_388' title='bbox 973 4217 1076 4270; x_wconf 86' lang='lat' dir='ltr'>adortus</span> <span class='ocrx_word' id='word_1_389' title='bbox 1087 4216 1161 4270; x_wconf 85' lang='lat' dir='ltr'>indit.</span> <span class='ocrx_word' id='word_1_390' title='bbox 1194 4216 1323 4288; x_wconf 84' lang='lat' dir='ltr'>peditius</span> 
     </span>
     <span class='ocr_line' id='line_1_43' title="bbox 230 4285 1322 4358; baseline 0 -19"><span class='ocrx_word' id='word_1_391' title='bbox 230 4299 333 4356; x_wconf 88' lang='lat' dir='ltr'>qaoque</span> <span class='ocrx_word' id='word_1_392' title='bbox 342 4285 535 4357; x_wconf 67' lang='lat' dir='ltr'>nigromonte,</span> <span class='ocrx_word' id='word_1_393' title='bbox 551 4287 602 4342; x_wconf 86' lang='lat' dir='ltr'>rite</span> <span class='ocrx_word' id='word_1_394' title='bbox 612 4287 803 4358; x_wconf 87' lang='lat' dir='ltr'>compositeque</span> <span class='ocrx_word' id='word_1_395' title='bbox 814 4285 842 4341; x_wconf 87' lang='lat' dir='ltr'>in</span> <span class='ocrx_word' id='word_1_396' title='bbox 852 4287 949 4342; x_wconf 88' lang='lat' dir='ltr'>bostem</span> <span class='ocrx_word' id='word_1_397' title='bbox 960 4285 996 4340; x_wconf 92' lang='lat' dir='ltr'>illi</span> <span class='ocrx_word' id='word_1_398' title='bbox 1005 4285 1154 4344; x_wconf 85' lang='lat' dir='ltr'>tendebant.</span> <span class='ocrx_word' id='word_1_399' title='bbox 1187 4285 1242 4340; x_wconf 83' lang='lat' dir='ltr'>acri</span> <span class='ocrx_word' id='word_1_400' title='bbox 1252 4301 1322 4340; x_wconf 89' lang='lat' dir='ltr'>com-</span> 
     </span>
    </p>
   </div>
   <div class='ocr_carea' id='block_1_10' title="bbox 0 0 1522 4892">
    <p class='ocr_par' dir='ltr' id='par_1_10' title="bbox 0 0 1522 4892">
     <span class='ocr_line' id='line_1_44' title="bbox 0 0 1522 4892; baseline 0 0"><span class='ocrx_word' id='word_1_401' title='bbox 0 0 1522 4892; x_wconf 95' lang='lat' dir='ltr'> </span> 
     </span>
    </p>
   </div>
  </div>
 </body>
</html>
