3025 4892
271 257 348 334 sss
685 258 960 330 nannnnar
1014 229 1016 234 ’

273 433 365 496 chum
385 430 487 511 copias
509 423 652 486 adversus
671 427 800 486 Romam
820 425 947 488 duxisse
962 447 1024 489 non
1042 429 1241 512 ignorabant,
1260 433 1316 496 sed
1332 449 1369 496 an

273 518 372 580 adhuc
393 515 475 599 (ἔτι)
497 515 531 573 in
549 513 651 571 castris
666 524 851 590 versaretur,
874 514 1061 578 dubitabant.
1103 519 1152 578 II.

356 642 387 701 Ρ.
402 618 464 684 805
480 614 556 680 124·
598 610 662 672 vid·
676 611 726 672 hic
740 614 801 694 leg·
820 620 859 680 12
872 637 899 676 c.
913 615 975 678 Th.
990 615 1028 677 de
1042 616 1190 680 Mathem.
1204 621 1238 681 in
1253 623 1370 684 comm.

272 705 351 768 adde
369 715 431 764 not.
448 705 468 762 b
484 704 546 781 leg.
563 703 578 764 l
595 699 633 759 de
646 719 757 780 pagan.
800 699 910 760 Ritter.

355 807 397 866 ib.
411 827 442 866 r.
459 807 490 868 6.
535 801 683 883 Νεβηΐαν.
725 802 1160 886 Sozomenus9611upulur
1185 817 1283 867 vocat.
1324 811 1370 868 lo.

268 897 403 974 nangius
426 889 485 972 (ad
498 886 701 968 Nicephorum
714 887 755 951 85
778 887 838 966 18)
860 889 975 948 mavult
990 889 1022 947 in
1038 891 1206 952 Sozonreno
1220 894 1370 977 Ναρνλαν,

269 983 381 1044 ortelio
395 982 428 1036 in
441 975 536 1035 Thes.
550 976 659 1052 Geogr.
675 973 869 1052 approbante.

351 1081 393 1141 ib.
410 1100 440 1139 r.
458 1083 507 1143 10.
550 1073 615 1139 test
628 1071 661 1136 δὲ
670 1069 727 1152 τήν
739 1079 912 1155 κρατοῦσαν
925 1070 1087 1139 sorduerint
1099 1072 1250 1160 ἐλάμβανε
1263 1075 1369 1160 δόξαν,

264 1167 297 1230 b.
313 1191 341 1228 e.
357 1159 603 1249 quandoquidem
617 1162 819 1238 Pompeianus
835 1158 1020 1222 Christianus
1039 1173 1112 1222 erat.
1154 1166 1201 1222 H.

352 1269 393 1329 ib.
408 1289 436 1326 v.
456 1272 503 1332 tt.
543 1258 744 1337 Ἱννοκέντιος.
788 1259 1242 1330 rid.com1n.adl.170.Tl1.
1261 1264 1368 1326 delu-

266 1355 362 1416 daeis.
384 1357 495 1414 Ritter.
540 1350 580 1410 cf.
594 1350 649 1407 inf.
667 1369 693 1407 c.
706 1347 760 1412 45.
801 1349 849 1406 H.

349 1457 391 1518 ib.
409 1479 438 1517 v.
455 1451 506 1518 11.
549 1451 710 1510 Sozomen.
731 1449 754 1507 l.
772 1470 798 1507 c.
818 1447 855 1509 de
872 1449 1074 1530 Pompeiano:
1096 1456 1160 1526 τοῖς
1181 1449 1367 1532 ἑλληνίζουσι

263 1550 319 1628 τῆς
333 1535 503 1626 συγκλήτου
517 1532 609 1599 θύειν
623 1532 656 1598 ἓν
669 1538 713 1618 τῷ
727 1537 911 1620 Καπιτωλίῳ
923 1536 975 1600 καλ
987 1543 1050 1612 τοῖς
1062 1531 1165 1613 ἄλλοις
1177 1544 1273 1612 ναοῖς.

347 1667 380 1727 Ρ.
403 1647 464 1710 806
486 1661 517 1700 r.
539 1641 570 1703 1.
627 1638 786 1698 observatu
812 1635 922 1718 dignae
952 1649 1022 1698 sunt
1053 1659 1118 1716 res,
1162 1645 1250 1720 quas'
1263 1638 1367 1697 Alari-

263 1731 338 1792 chns
364 1733 423 1792 sibi
451 1727 610 1808 stipulatus
640 1734 686 1782 est
712 1733 860 1806 tanquam
882 1725 1017 1783 maxinls
1038 1725 1241 1805 exoptabiles,
1270 1735 1366 1783 uester
1487 1731 1488 1790 1

261 1819 373 1878 sareas
393 1813 490 1886 4000,
516 1812 599 1870 corio
624 1810 757 1867 coccineo
778 1809 875 1867 colore
893 1811 989 1868 tincta
1009 1813 1107 1881 8000,
1131 1812 1246 1890 piperis
1266 1809 1365 1867 libra.

260 1925 330 1962 rum
356 1905 450 1964 3000.
503 1899 595 1956 etiam
622 1897 774 1974 proportio
800 1897 873 1952 αιινί
895 1894 941 1953 acl
962 1906 1122 1974 argentum
1146 1895 1363 1971 memorabilis,

258 1989 345 2052 5000
359 1986 454 2043 librae
469 1984 535 2040 anri
549 1991 580 2039 et
593 1982 698 2044 80000
714 1982 840 2056 argenti.
882 1989 982 2059 potest
1000 1977 1123 2040 tandem
1142 1979 1213 2040 hinc
1234 1979 1272 2040 de
1293 1982 1363 2060 opi-

259 2071 317 2131 bus
343 2081 373 2129 et
399 2069 511 2127 divitiis
531 2065 614 2124 urbis
629 2061 775 2121 iudicium
790 2065 872 2123 fieri:
894 2063 1003 2144 quodsi
1019 2066 1139 2126 barbari
1153 2077 1306 2126 monetam
1319 2086 1363 2127 ex

258 2155 308 2217 bis
328 2155 459 2214 metallis
480 2148 698 2232 procuderant,
721 2158 834 2229 quanta
854 2151 933 2208 inter
951 2171 1002 2210 eos
1016 2149 1176 2210 succedere
1192 2151 1294 2211 debuit
1310 2171 1362 2210 re-

258 2263 327 2302 rnm
342 2235 512 2301 conversio!
535 2255 608 2295 nam
621 2233 725 2292 confici
738 2232 811 2292 hinc
828 2245 945 2315 poterat
959 2255 1000 2294 ex
1017 2255 1088 2295 auro
1104 2236 1228 2316 quidem
1241 2257 1361 2296 snsmna

257 2328 386 2393 226000
405 2342 564 2384 aureorum
582 2317 663 2402 (duo
683 2322 768 2379 aurei
787 2321 851 2379 fere
869 2341 992 2380 aunum
1008 2319 1208 2381 Ludoriciurn
1223 2333 1361 2382 nostmm

257 2410 425 2493 aequant),
456 2430 497 2470 ex
521 2415 644 2488 argento
663 2425 735 2478 vero
754 2407 880 2472 800000
900 2404 1016 2466 denarii
1042 2407 1142 2488 (circa
1162 2408 1267 2473 60000
1287 2405 1360 2467 tha-

254 2495 378 2576 leror.).
421 2497 469 2556 H.

338 2597 380 2657 tt.
397 2619 427 2658 r.
441 2601 474 2662 6.
516 2595 682 2658 Palladium
690 2595 725 2653 P.
738 2595 774 2653 P.
789 2593 900 2662 α.410.
932 2597 1149 2678 r.Prosopogr.
1159 2591 1228 2656 cod.
1235 2591 1359 2657 Theod.

253 2696 286 2745 et
298 2687 476 2745 Tillemont.
491 2685 514 2744 l.
528 2705 555 2744 c.
568 2694 640 2744 nota
652 2684 693 2747 81
708 2700 740 2761 Ρ.
751 2683 827 2745 818.
868 2681 916 2740 Η.

338 2785 381 2846 ib.
399 2807 428 2847 r.
444 2789 495 2852 18.
538 2778 762 2864 ἐπεκόσμησαν.
805 2781 1134 2864 vid.1.1odepagsn.
1178 2783 1289 2844 Ruta.

337 2910 368 2969 Ρ.
382 2893 445 2954 807
459 2908 490 2949 r.
505 2891 557 2953 10.
601 2885 640 2946 cf.
654 2887 814 2946 Sozomen.
831 2885 854 2944 l.
868 2905 895 2945 c.
910 2887 1088 2966 Hieronyrn.
1102 2905 1150 2966 ep.
1166 2891 1188 2951 2
1210 2889 1263 2950 16.

336 3010 368 3069 Ρ.
382 2995 443 3055 808
456 3010 487 3050 v.
502 2989 534 3055 6.
578 2987 617 3048 de
649 2988 836 3047 Constantini
867 2987 1017 3067 legatione
1048 2987 1087 3047 ad
1116 2991 1285 3049 Honorium
1312 2991 1355 3050 cf.

250 3074 459 3155 Olympiodor.
502 3075 640 3133 Κίασηα
659 3071 743 3132 adire
765 3073 849 3132 iubet
868 3074 985 3133 Corum.
1006 3071 1045 3131 ad
1065 3075 1088 3132 l.
1107 3073 1164 3133 ult.
1185 3095 1212 3134 c.
1230 3073 1292 3136 Th.
1314 3074 1355 3135 de

251 3161 382 3220 malefic.
397 3171 426 3220 et
439 3159 597 3236 mathem.‚
619 3157 701 3219 etde
714 3177 841 3217 numero
856 3159 1025 3238 legatorum
1039 3157 1167 3236 diverso,
1191 3172 1354 3243 quaesunt

250 3247 407 3306 observata
422 3265 439 3304 a
452 3245 637 3306 Gotbofredo
649 3244 689 3304 ad
701 3242 724 3301 l.
737 3250 757 3309 3
776 3242 814 3302 de
832 3245 925 3324 legat.

336 3345 378 3405 ib.
401 3367 431 3406 r.
452 3352 505 3412 22.
548 3347 588 3407 cf.
614 3348 775 3406 Sozomeu.
798 3348 829 3409 9·
845 3352 877 3412 7.
920 3345 1037 3405 inimici
1059 3365 1180 3429 quoque
1204 3347 1349 3430 Alaricbi,

251 3435 424 3514 quominus
438 3453 502 3513 pax
518 3435 658 3509 iniretur,
679 3428 895 3510 impedimento
908 3433 1040 3490 fuerunt.

333 3555 366 3614 p·
381 3536 442 3598 809
459 3555 490 3594 ν.
503 3541 534 3603 3.
578 3533 616 3594 de
635 3533 798 3594 Theodoro
816 3533 879 3594 rid.
893 3537 1074 3614 Prosopogr.
1090 3554 1116 3594 c.
1129 3532 1192 3595 Tb.
1235 3539 1346 3600 Ritter.

224 3638 227 3645 '
333 3633 376 3692 rb.
422 3633 484 3696 rid.
498 3635 795 3703 hicl.22cod.Tlt.
811 3637 848 3697 de
864 3638 969 3696 bonor.
983 3657 1096 3716 prosor.
1141 3639 1250 3701 nuto.

333 3737 376 3796 ib.
391 3759 422 3798 r.
436 3736 486 3803 14.
528 3737 666 3817 καθέδρα
679 3737 711 3800 b.
724 3740 746 3799 l.
761 3738 799 3798 de
811 3742 936 3814 stativis,
959 3758 1036 3820 quae
1047 3741 1130 3802 notio
1142 3745 1282 3821 proxime
1296 3765 1349 3806 ac-

247 3821 329 3883 cedit
342 3821 381 3882 ad
392 3825 478 3882 illam
491 3821 732 3905 Thucydidem,
749 3837 783 3884 ut
794 3829 842 3901 sit,
859 3843 954 3884 mora.
987 3845 1017 3884 v.
1033 3824 1114 3886 nuk.
1128 3825 1201 3890 ada
1225 3831 1276 3894 10.
1296 3833 1345 3890 H.

331 3945 363 4004 p.
379 3927 442 3991 810
456 3947 485 3986 r.
500 3931 531 3991 6.
574 3925 638 3986 vid.
660 3925 711 3985 bic
730 3929 784 3986 lex
803 3931 845 3992 22
867 3948 893 3985 o.
916 3925 978 3988 Th.
1002 3927 1040 3986 de
1062 3930 1168 3990 bonor.
1188 3935 1348 4014 proscript.

246 4011 365 4069 comm.
386 4011 496 4070 Ritter.
541 4031 603 4070 non
623 4011 726 4072 dubito
740 4012 968 4094 δεδημευμένων
983 4034 1048 4074 esse
1062 4014 1240 4094 legendum,
1263 4017 1348 4100 quod

244 4095 377 4174 postulat
400 4117 467 4176 sup.
489 4117 516 4155 c.
537 4099 589 4162 85.
633 4097 687 4158 sed
713 4099 842 4157 alterum
867 4095 919 4163 did
946 4095 1003 4179 τήν
1021 4105 1206 4182 Στελίχωνος
1225 4098 1347 4178 saletas,

242 4182 295 4237 ubi
311 4181 418 4238 ultima
432 4202 493 4240 rox
506 4203 547 4241 ex
562 4187 713 4263 superiore
727 4205 816 4244 versu
831 4179 938 4259 οὐσίας
951 4195 1023 4243 nata
1037 4197 1098 4262 est,
1120 4190 1174 4246 vix
1188 4187 1346 4269 expedias,

243 4283 313 4323 cum
332 4267 419 4345 plura
440 4268 580 4330 substitui
601 4273 733 4350 possint3
761 4273 935 4352 proximum
955 4271 1033 4332 foret
1055 4275 1231 4339 συνουσίαν.
1270 4294 1347 4335 nam
