3025 4892
239 357 313 425 sss
649 355 927 424 numanum
1002 445 1003 448 Ν

365 523 429 583 Sub
453 521 580 602 imperio
605 523 701 600 praef.
722 534 819 602 praet.
843 523 972 582 Orientis
993 531 1078 580 erant
1101 519 1140 602 1)
1164 522 1343 600 praeconsnl

322 611 412 668 Asiae
434 628 503 664 cum
523 605 711 686 praesidibus
734 627 769 670 ιι.
789 629 793 636 ’
813 605 853 685 2)
876 627 975 667 comes
997 610 1127 668 Orientis
1148 627 1218 665 cum
1235 627 1278 666 ιιι
1295 615 1342 686 pr.

322 692 364 772 3)
384 694 554 772 praefectus
566 696 742 770 Augustalis
754 713 824 751 cum
835 713 887 755 ιιι..
931 693 972 773 4)
986 704 1046 752 tres
1057 695 1177 766 vicarii,
1201 693 1239 772 a)
1253 695 1343 751 Asia-

322 798 381 836 nae
396 798 465 838 cum
479 799 516 836 ιιι
531 778 736 857 praesidibus,
761 777 801 857 b)
821 781 963 838 Ponticae
977 801 1046 838 cum
1058 799 1112 854 ιι,
1133 777 1172 860 c)
1191 778 1342 837 Thraciae

323 884 393 922 cum
411 883 453 921 ιι.
498 875 583 922 erant
603 867 696 942 igitur
716 886 786 924 cum
805 867 983 942 proconsule
1006 868 1096 924 Asiae
1114 883 1195 924 xurx
1212 875 1343 923 rectores

321 951 554 1028 provinciarum.

279 1037 319 1093 Il.
356 1035 535 1114 I'raesectus
554 1036 703 1111 praetorio
728 1034 850 1112 Ilbfls'ci
876 1034 1041 1093 orientalis
1065 1031 1196 1092 habebat
1221 1031 1344 1092 dioece-

323 1139 371 1178 ses
381 1139 414 1192 11,
439 1122 467 1178 I.
482 1121 711 1188 Macedonium,
727 1124 811 1178 cuius
823 1123 995 1199 provinciae
1006 1129 1090 1178 erant
1102 1137 1151 1177 rr:
1176 1126 1204 1183 1.
1216 1115 1351 1193 Achaia,

322 1209 354 1268 2.
376 1204 569 1277 Macedonia,
607 1210 638 1284 3,
661 1202 840 1280 Thessalia,
871 1204 902 1268 4.
925 1206 1029 1280 crata,
1059 1205 1090 1268 5.
1113 1207 1223 1282 Epirus
1246 1215 1344 1277 setus,

324 1295 355 1352 6.
376 1291 485 1367 Epirus
500 1311 579 1348 nova
595 1301 625 1348 et
637 1311 707 1369 pars
720 1290 915 1350 Macedoniae
927 1292 1076 1348 salutaris.
1120 1291 1167 1348 II.
1193 1291 1343 1360 Dacium,

322 1377 495 1453 provinciae
510 1379 575 1433 eins
588 1394 625 1434 v:
651 1380 678 1438 i·
691 1379 785 1434 Dacia
797 1376 1026 1450 mediterranea,
1050 1381 1081 1439 2.
1096 1375 1189 1432 Dacia
1205 1363 1344 1454 ripensis,

323 1465 355 1523 3.
377 1462 491 1518 Moesia
513 1463 610 1539 prima
627 1471 657 1519 et
671 1461 819 1540 secunda,
842 1462 871 1526 4.
890 1460 1061 1538 Dardania,
1087 1463 1118 1527 5.
1135 1461 1345 1520 Praevalitana

326 1554 356 1603 et
368 1565 438 1623 pars
452 1545 657 1605 Macedoniae.

366 1633 523 1690 Praefecto
547 1651 593 1710 pr.
617 1633 732 1710 lllyrici
762 1633 904 1692 suberant
943 1631 981 1711 1)
1012 1632 1174 1710 proconsul
1200 1627 1344 1704 Achaiae,

324 1713 366 1793 2)
395 1720 499 1775 vicarii
525 1716 602 1794 duo,
635 1717 831 1777 Macedoniae
851 1737 920 1776 curn
942 1737 974 1777 ιι
996 1719 1159 1796 provinciis
1182 1727 1212 1774 et
1234 1718 1345 1774 Daciae

325 1821 395 1858 cum
413 1822 442 1863 ι.
1194 1839 1197 1852 .

282 1889 335 1944 lll.
360 1887 538 1965 Praefectus
547 1891 702 1966 praetorio
717 1886 842 1960 Italiae,
865 1885 904 1946 ad
918 1907 1008 1968 quem
1022 1886 1211 1966 pertinebant
1225 1883 1346 1945 dicece-

323 1992 445 2044 sessu,
468 1974 495 2029 I.
521 1973 631 2044 Italm,
654 1975 739 2032 cuim
757 1977 929 2052 provinciae
951 1983 1035 2031 erant
1053 1990 1138 2030 xvir:
1164 1976 1192 2035 1.
1209 1975 1344 2047 Venetia,

324 2061 356 2118 2.
367 2060 508 2130 Aemilia,
531 2062 562 2120 8.
574 2061 708 2135 Liguria,
730 2060 762 2122 4.
776 2061 925 2117 Flaminia
938 2069 968 2118 et
977 2062 1124 2117 Picenum
1136 2061 1345 2131 annonarium,

325 2141 356 2205 6.
379 2144 493 2201 Tuscia
515 2153 546 2199 et
567 2144 707 2218 Umbria,
730 2147 761 2206 6.
777 2146 923 2203 Picenum
936 2144 1189 2218 suburbicarium,
1211 2149 1242 2208 7.
1255 2144 1347 2202 Cam-

322 2230 429 2304 pania,
457 2230 488 2290 8.
510 2229 630 2302 Sicilia,
660 2232 691 2290 9.
712 2229 826 2306 Apulia
847 2241 878 2288 et
899 2231 1054 2303 Calabria,
1087 2234 1136 2292 10.
1159 2231 1293 2286 Lucania
1316 2237 1348 2286 et

324 2315 451 2384 Bruttii,
475 2314 526 2375 11.
543 2315 637 2392 Alpes
651 2315 782 2390 Cottiae,
809 2317 859 2378 12.
872 2313 998 2374 eraetia
1013 2317 1127 2393 prima,
1153 2317 1203 2378 13.
1218 2312 1347 2372 Rhaetia

323 2395 466 2470 secunda,
490 2399 539 2462 14.
555 2399 724 2472 Samnium,
748 2401 798 2462 15.
814 2401 942 2476 Valeria,
955 2403 1017 2474 Ι16.
1035 2398 1184 2474 Sardinia,
1209 2403 1258 2463 17.
1272 2401 1348 2457 Cor-

253 2555 260 2567 ·
324 2484 397 2540 sica.
458 2483 505 2540 Il.
545 2484 672 2561 lllyrici
688 2487 861 2564 provinciae
884 2505 937 2544 vr:
975 2487 1004 2547 1.
1023 2487 1179 2544 Pannonia
1203 2483 1346 2558 secunda,

324 2571 356 2630 2.
371 2569 479 2641 Savia,
501 2572 532 2630 8.
545 2571 712 2644 Dalmatia,
734 2569 765 2632 4.
776 2573 932 2630 Pannonia
945 2573 1060 2652 prima,
1083 2571 1113 2634 5.
1126 2572 1269 2628 Noricum
1279 2589 1348 2628 me-

326 2651 545 2728 diterranemn,
569 2659 599 2716 6.
621 2658 763 2714 Noricum
783 2659 922 2736 Ripense.
978 2658 1043 2716 III.
1067 2656 1200 2734 Africae
1223 2658 1347 2734 provin-

327 2741 391 2795 ciae
404 2757 454 2796 vr:
478 2747 506 2804 1.
521 2743 701 2818 Byzacium,
724 2745 755 2803 2.
770 2743 927 2818 Numidia,
950 2747 980 2806 3.
993 2743 1171 2800 Mauritania
1186 2743 1348 2815 Sitifensis,

327 2822 359 2884 4.
376 2827 556 2882 Mauritania
569 2827 787 2904 Caesariensis,
810 2829 841 2893 5.
856 2829 1005 2910 Tripolis,
1029 2831 1060 2890 6.
1073 2827 1177 2886 Africa
1192 2845 1261 2884 cum
1274 2845 1347 2905 pro-

328 2910 461 2966 consule.
977 2926 984 2944 ι

284 2993 334 3052 lV.
358 2995 537 3072 Praefectus
543 2999 696 3072 praetorio
714 2995 904 3069 Galliarum,
923 2999 975 3076 qui
990 2997 1113 3076 regebat
1128 2993 1281 3054 dioeceses
1298 3013 1345 3068 ιιι,

328 3080 356 3137 Ι.
382 3081 585 3157 Hispaniam,
610 3085 694 3140 cuius
718 3085 891 3160 provinciae
910 3101 972 3140 vn:
1001 3090 1029 3144 1.
1048 3085 1186 3155 Baetica,
1211 3085 1241 3144 2.
1255 3082 1347 3146 Lusi-

327 3167 427 3240 tania,
465 3169 495 3226 3.
523 3167 693 3241 Gallaecia,
728 3167 760 3229 4.
786 3169 1037 3242 Tarraconensis,
1074 3166 1105 3230 5.
1128 3163 1348 3244 Carthaginen-

330 3253 385 3322 sis,
416 3255 446 3312 6.
469 3253 650 3330 Tingitana,
672 3257 702 3315 7.
725 3252 877 3312 Baleares.
921 3254 967 3312 II.
998 3251 1151 3322 Gallium,
1175 3253 1347 3330 provinciae

328 3345 413 3391 erant
429 3354 516 3392 xvir:
541 3343 569 3398 1.
591 3340 785 3412 Viennensis,
808 3341 839 3400 2.
860 3338 1071 3417 Lugdunensis
1091 3340 1204 3416 prima,
1226 3340 1257 3399 3.
1272 3337 1349 3394 Ger-

326 3408 429 3476 nr'auia
455 3422 569 3497 prima,
588 3422 636 3484 ’4.
667 3424 829 3480 Gennania
853 3423 1001 3498 secunda,
1040 3423 1070 3487 5.
1095 3424 1217 3501 Belgica
1239 3425 1347 3500 prima,

330 3508 360 3564 6.
373 3504 496 3580 Belgica
511 3505 658 3581 secunda,
681 3513 711 3571 7·
727 3509 821 3587 Alpes
834 3513 1018 3582 maritimae,
1042 3510 1072 3570 8.
1087 3509 1182 3587 Alpes
1193 3509 1349 3564 Penninae

330 3599 361 3645 et
381 3590 503 3663 Graiae,
527 3595 556 3653 9.
582 3593 716 3650 Maxima
735 3589 963 3674 Sequanorum,
987 3597 1036 3657 10.
1059 3595 1221 3673 Aquitania
1240 3595 1349 3670 prima,

332 3675 382 3736 11.
406 3677 568 3753 Aquitania
591 3677 738 3753 secunda,
765 3684 813 3742 12.
832 3679 1083 3758 Novempopuli,
1108 3683 1156 3742 13.
1170 3679 1349 3737 Narbonen-

330 3759 371 3815 sis
392 3762 504 3836 prima,
532 3761 579 3823 14.
603 3763 807 3824 Narbonensis
825 3763 972 3840 secunda,
997 3763 1047 3828 15.
1068 3761 1280 3841 Lugdunensis
1298 3783 1349 3822 se-

331 3844 445 3919 cunda,
471 3851 519 3910 16.
541 3847 752 3928 Lugdunensis
773 3853 877 3924 tertia,
904 3853 953 3914 17.
975 3847 1186 3927 Lugdunensis
1206 3850 1350 3907 Senonia.

331 3930 396 3987 Ill.
422 3931 618 4005 Britannias,
638 3938 812 4013 provinciae
824 3946 909 3994 erant
921 3954 958 3993 v:
986 3941 1012 3997 1.
1026 3937 1160 3992 Maxima
1172 3936 1350 3992 Caesarien-

333 4018 375 4072 sis
384 4060 399 4087 „
415 4021 445 4080 2.
462 4019 619 4093 Valentia,
638 4025 668 4082 3.
684 4019 838 4079 Britannia
854 4023 968 4100 prima,
989 4019 1020 4084 4.
1038 4020 1193 4078 Britannia
1207 4017 1351 4094 secunda,

334 4099 365 4162 5·
383 4103 487 4160 Flavia
503 4105 713 4167 Caesariensis.

375 4204 407 4262 P·
415 4189 457 4249 99
467 4207 496 4245 ι.
507 4189 556 4254 15.
592 4193 646 4270 qui
657 4191 732 4248 olim
742 4202 887 4272 tanquam
902 4194 1118 4271 imperatorum
1131 4185 1171 4247 ad
1183 4188 1352 4246 exercitum

250 4269 333 4324 missi
351 4268 446 4346 legati
457 4273 605 4333 militibus
618 4289 776 4352 praeerant
794 4278 980 4351 consulares,
1003 4277 1058 4336 sub
1074 4271 1242 4335 Alexandri
1258 4289 1352 4348 regno

249 4371 311 4408 non
324 4355 455 4432 amplius
468 4361 719 4439 comitatuum,
740 4361 815 4422 duris
827 4365 968 4444 magistri
974 4363 1108 4442 ,muitum
1120 4364 1152 4420 in
1166 4377 1270 4418 eorum
1280 4375 1352 4416 suc·-
