3025 4892
416 310 750 382 COMMENTARIUS
780 313 1047 382 utsuoulcus
1214 315 1287 385 373
1382 347 1388 354 ·

190 473 346 536 effectesse
358 481 488 556 re'gntnn
498 498 553 538 sua
564 489 690 558 sponte,
714 476 769 538 sed
783 479 896 539 milites
911 501 982 539 enm
994 480 1177 560 coegissent
1187 480 1288 560 impe-

190 563 271 620 rium
289 574 463 642 occuparet,
483 565 542 622 etsi
556 565 703 624 rebellem
713 585 785 624 eum
798 577 827 623 et
842 565 1066 624 benefectorurn
1078 568 1288 625 immemorem

190 648 387 708 cdnaineutur
405 647 583 727 Christiani,
602 651 783 710 emmas
804 654 846 715 20
867 653 888 714 9
912 662 942 710 et
959 651 1104 712 Liberius
1122 653 1287 716 661216-

190 741 302 814 statum
317 734 512 815 reliquemnt.

273 854 306 914 p·
321 837 382 899 136
396 855 427 896 v.
442 837 493 899 19.
535 855 614 917 ques
634 837 769 896 luiienus
784 833 822 894 de
837 835 980 914 religione
997 833 1166 895 Christiana
1182 856 1285 898 sense-

190 917 246 994 rit,
266 921 332 999 ipse
351 923 384 978 in
402 923 488 1000 epist.
508 919 550 979 ed
566 919 678 980 Athen.
695 920 838 980 declarat.
881 923 1021 982 simulato
1047 924 1112 982 eius
1133 922 1287 1000 religionis

189 1005 288 1079 cultu,
317 1005 511 1085 iampridem
530 1027 601 1065 eum
619 1007 657 1065 eb
678 1027 713 1065 ea
733 1005 895 1066 descivisse
914 1017 945 1064 et
966 1009 1057 1066 seoris
1080 1027 1113 1066 se
1134 1005 1288 1066 addixisse

188 1091 337 1150 maiorum
356 1102 459 1150 auctor
471 1101 517 1151 est
527 1095 705 1151 Ammianus
719 1096 760 1155 21
783 1091 804 1156 4
825 1103 855 1150 et
870 1095 1025 1172 Ennepius
1039 1093 1070 1149 in
1086 1093 1147 1150 vite
1158 1093 1288 1150 Maximi

187 1193 219 1252 p·
232 1173 284 1239 94.
326 1175 410 1236 iden'r
421 1176 507 1236 dccet
520 1181 655 1236 enirnum
668 1179 743 1253 eius,
767 1197 835 1236 oum
846 1179 1025 1252 Maximum,
1046 1179 1182 1236 Priscum
1193 1179 1288 1237 aiios-

187 1277 249 1339 qus
269 1259 391 1321 Aedesii
414 1260 576 1341 discipulos
598 1262 777 1338 audivisset,
799 1260 839 1320 ad
857 1264 1092 1342 superstitiosam
1109 1263 1288 1341 religionem

186 1345 366 1406 inclinatum
384 1345 541 1408 defecisse.
584 1367 645 1429 quc
663 1359 766 1407 eutem
781 1357 918 1427 tempore
937 1367 1022 1407 secra
1040 1349 1198 1426 gentilium
1215 1367 1287 1428 pro-

186 1429 289 1508 priem
309 1432 435 1492 colendo
455 1431 659 1493 Christianum
678 1455 711 1492 se
728 1434 843 1512 tingere
865 1431 1002 1508 desierit,
1030 1431 1080 1508 id,
1107 1435 1152 1492 uti
1172 1435 1219 1493 ias
1240 1443 1287 1494 est

186 1519 347 1596 suspicari,
368 1521 572 1578 inconstanter
585 1539 604 1577 e
619 1519 813 1598 scriptoribus
826 1521 989 1577 memoriae
1000 1516 1164 1598 proditum.

271 1638 302 1698 p·
318 1623 378 1683 137
391 1638 422 1683 t.
437 1618 468 1684 6.
511 1621 619 1679 161166.
637 1621 659 1680 l.
677 1639 703 1678 c.
723 1613 791 1683 itt'
811 1613 987 1706 ᾔσχυνὸμην
1006 1621 1115 1693 δειναῖς
1131 1617 1182 1682 soii
1199 1641 1287 1682 suss-

185 1693 325 1850 grum?
358 1706 387 1768 ei
415 1699 537 1788 δόξαιμι
564 1703 608 1790 μὴ
636 1710 751 1781 πιστοῖς
779 1701 848 1786 ἄχρι
868 1704 973 1780 τέλους
996 1702 1171 1768 6666611661
1196 1707 1286 1768 Κων-

269 1889 311 1950 16.
328 1912 358 1951 v.
375 1893 426 1956 16.
469 1892 586 1952 iuliano
598 1892 631 1949 in
646 1894 800 1952 Orientem
811 1893 980 1972 profecturo
993 1891 1127 1966 barbari,
1151 1890 1215 1950 sire
1228 1909 1287 1970 op-

184 1985 346 2054 portunum
366 1987 486 2058 tempus
505 1998 538 2036 se
557 1987 661 2038 nectos
682 1981 739 2038 reti
757 1981 882 2058 impmre
898 1973 1079 2058 praedendi,
1101 1979 1181 2051 sive,
1203 1973 1286 2056 quod

183 2062 318 2120 lulianus
340 2063 408 2142 (ep.
423 2061 462 2120 ed
475 2059 607 2141 Athen.)
628 2061 745 2142 prodit,
767 2083 785 2122 e
798 2065 971 2122 Constantio
986 2073 1087 2121 contra
1101 2065 1201 2142 ipsum
1214 2081 1285 2140 pre-

132 2141 137 2150 “
183 2148 226 2204 tio
241 2148 407 2223 sollicitati,
429 2147 550 2207 foedere
565 2149 676 2206 violato
692 2149 767 2208 fines
782 2151 933 2208 Romanos
948 2149 1137 2208 infestenmt.
1181 2165 1284 2225 regem

183 2231 306 2312 quidem
320 2233 528 2309 barbarorum,
550 2233 781 2309 Vadomarium,
801 2233 907 2293 fraude
920 2234 1083 2314 composita
1098 2241 1218 2312 ceptum
1231 2233 1284 2288 16-
1367 2229 1372 2238 '

182 2317 282 2376 lienus
303 2320 336 2376 in
353 2321 531 2398 Hispaniam
545 2321 643 2393 misit,
668 2320 748 2378 bello
766 2340 835 2378 vero
851 2341 906 2400 per
921 2317 1011 2377 duces
1026 2339 1096 2376 curn
1109 2316 1284 2376 rebelleuti·

182 2402 239 2460 bus
255 2413 338 2480 gesto
352 2402 436 2461 heud
448 2424 623 2485 prosperam
639 2417 781 2485 expertus
796 2406 963 2480 fortunam,
986 2409 1051 2484 ipse
1067 2401 1210 2462 adversus
1224 2397 1284 2460 ho-

182 2495 244 2546 stes
260 2487 412 2566 profectus
426 2499 600 2548 renovatam
614 2509 683 2547 omn
696 2491 849 2548 nonnullis
866 2491 1028 2548 amicitiem
1045 2490 1156 2548 iunxit.

267 2608 298 2666 ρ.
313 2593 374 2652 138
389 2609 419 2646 v.
432 2591 464 2652 8·
508 2591 673 2649 accuratius
693 2590 876 2671 descriptum
890 2593 949 2651 iter
963 2589 1042 2650 iliud
1055 2589 1136 2671 apud
1149 2592 1283 2650 Memor-

181 2674 280 2734 tinum
293 2675 327 2732 in
339 2675 525 2754 Panegyrico
538 2671 696 2735 habemus.

267 2773 310 2832 ib.
325 2794 355 2835 v.
371 2779 421 2840 16.
463 2777 594 2855 graviter
607 2779 640 2835 in
652 2779 690 2835 iis
703 2778 799 2836 literis
813 2779 845 2838 in
861 2778 1068 2836 Constantium
1083 2777 1218 2834 invectus
1235 2785 1281 2834 est

182 2858 375 2940 (11666166).
417 2863 505 2920 ltelie
517 2864 583 2922 sine
594 2864 740 2941 sanguine
751 2865 784 2922 in
797 2861 982 2922 deditionem
994 2863 1139 2922 consessit
1158 2859 1281 2940 (Libera.

181 2964 226 3004 or.
244 2943 316 3024 12);
338 2948 369 3004 in
384 2947 520 3006 Siciliam
532 2950 635 3028 copiae
647 2951 757 3009 misses
780 2944 972 3028 (Aminiam).
1015 2966 1091 3006 num
1102 2946 1204 3004 Africa
1216 2945 1280 3003 iem

180 3041 246 3090 tum
259 3043 403 3110 occupate
419 3035 475 3108 sit,
496 3035 528 3090 iu
542 3033 668 3092 obscuro
681 3035 866 3115 reliquerunt
880 3035 1049 3112 scriptores.

265 3115 307 3173 ib.
323 3137 354 3173 v.
366 3121 397 3181 9.
440 3117 575 3178 nondum
588 3139 659 3197 ergo
673 3130 739 3178 tum
751 3122 922 3178 institutum
934 3129 1013 3192 eret,
1035 3126 1069 3176 ut
1081 3115 1157 3176 alter
1168 3133 1279 3174 coneu-

178 3203 245 3260 lum
261 3203 375 3267 Rome
392 3203 468 3262 alter
482 3205 569 3283 cpoli
583 3216 749 3279 crearetur,
772 3203 852 3286 quod
866 3205 998 3283 primum
1010 3203 1170 3261 sancivisse
1183 3199 1278 3258 lulia-

179 3306 271 3362 num,
293 3287 360 3366 lege
375 3289 484 3371 inseq.
500 3291 592 3353 611.
612 3289 783 3349 Reinesr'ue.
829 3287 867 3348 de
886 3289 1037 3349 Florentio
1060 3297 1091 3346 et
1108 3287 1210 3345 Tauro
1229 3285 1277 3344 vi·

180 3370 260 3431 desis
272 3375 477 3439 Ammien.21
500 3379 534 3449 6,
557 3377 599 3439 22
620 3379 651 3438 3.

264 3477 295 3536 p·
310 3462 370 3521 139
385 3478 416 3517 v.
432 3465 461 3523 1.
504 3469 604 3519 exstat
618 3456 718 3518 edhno
735 3459 871 3538 Epistola
886 3459 996 3519 Iuliani
1012 3453 1051 3515 ad
1065 3451 1275 3528 Athenienses,

179 3543 334 3618 egregiam
355 3540 498 3603 historiae
521 3547 608 3604 istius
628 3547 773 3623 temporis
791 3553 1030 3603 monumentum.
1073 3561 1169 3622 pauca
1185 3541 1275 3597 etiem

179 3645 221 3684 ex
233 3627 357 3706 epistola
372 3628 411 3686 ed
423 3627 592 3689 Corinthios
605 3640 767 3712 supersunt
776 3629 808 3689 in
819 3633 906 3712 epist.
922 3633 960 3694 18
972 3629 1092 3688 1611661.
1120 3625 1276 3684 61111166.

178 3714 258 3774 oni
275 3721 299 3768 t.
316 3713 338 3775 2
355 3712 404 3772 ed.
418 3715 536 3774 morell.

263 3795 305 3854 ib·
322 3816 352 3854 v·
368 3797 398 3860 4.
441 3799 479 3857 ab
492 3801 629 3879 Itanepio
641 3801 675 3858 in
687 3801 764 3858 Exo-
778 3798 816 3858 de
827 3801 901 3876 Leg.
916 3795 1045 3872 additur,
1067 3790 1150 3877 quod
1163 3793 1277 3851 multae

178 3878 221 3940 ed
233 3899 304 3940 earn
316 3882 482 3961 legetiones
494 3888 605 3944 missae
617 3895 648 3943 et
661 3903 788 3944 coronae
804 3884 921 3943 oblatae
934 3883 1055 3940 fuerint.

263 3965 305 4024 ἱό.
322 3985 353 4027 v·
372 3973 422 4031 13.
466 3970 670 4044 Constantius,
702 3987 793 4051 quem
818 3979 952 4049 tempore
983 3967 1037 4026 1116
1064 3964 1180 4022 bellum
1206 3981 1276 4021 cunr

177 4053 278 4112 Persis
298 4053 331 4109 in
352 4055 472 4114 Oriente
491 4055 629 4131 tenebat,
649 4056 778 4115 simulac
798 4052 930 4114 adversis
952 4060 1108 4112 avocatum
1129 4049 1275 4128 Saporem

170 4139 319 4217 euspiciis
335 4142 435 4218 copies
447 4139 610 4200 abduxisse
621 4139 764 4216 audisset,
787 4141 910 4206 collecto
924 4139 987 4196 fare
1002 4137 1085 4196 omni
1096 4135 1201 4194 robore
1218 4132 1276 4192 ad-

177 4243 281 4283 versus
304 4224 456 4286 lulianam
477 4228 535 4292 iter
555 4226 723 4307 ingressus,
743 4226 850 4288 morbo
869 4227 902 4286 iu
924 4223 1034 4284 finibus
1054 4221 1176 4282 Ciliciae
1190 4219 1275 4280 obiit.

177 4307 331 4370 Ammian.
