3025 4892
252 314 327 387 206
728 312 879 380 ZOSlllli

254 490 297 565 είς
312 482 384 571 ὅπερ
400 478 563 569 ίβοόλοντο
574 481 797 572 μεταφίροντες
809 480 948 570 sutrinos»,
973 486 1007 551 τί
1020 482 1201 572 δεῖλίγοντα
1213 482 1361 571 μηιιόνειν

254 593 302 657 tul
315 590 406 655 πλίον
415 590 469 655 τόν
481 587 586 675 λόγον,
613 590 682 655 δίον
695 589 735 653 τὰ
751 596 807 672 τῆς
820 590 852 667 ίξ
869 591 981 655 ἐκείνου
994 596 1057 655 τῶν
1067 588 1256 676 πραγμάτων
1269 590 1361 655 ἀπω-

254 696 337 771 λείας
361 693 444 759 αἶ’τια
466 695 606 757 διελθεῖν.
658 692 760 775 ἐπειδὴ
778 692 838 778 γὰρ
859 690 903 770 ὡς
922 693 1023 775 ἔτυχε,
1049 697 1100 759 καί
1113 696 1181 780 περὶ
1193 691 1266 770 sorio
1280 694 1360 758 ἄνα-

253 800 353 876 ξίους,
378 796 418 863 τιλ
443 792 577 878 δημόσια
598 796 743 861 δαπανῶν
763 792 909 861 πλειόνων
929 794 1051 873 εἰκότως
1068 799 1163 863 ίδεῖτο
1176 794 1360 883 χρημάτων,

254 904 305 966 καί
319 901 376 978 τὰς
388 906 450 965 τῶν
464 901 618 985 ἐπαρχιῶν
633 896 795 985 ἡγεμονίας
807 900 915 977 ὠνίους
933 903 1092 987 προυτίθει
1106 911 1171 978 τοῖς
1186 907 1387 987 προσιοῦσι,5

254 1002 330 1092 δόξῃ
349 1004 405 1087 μίν
422 1002 443 1088 ἢ
458 1006 518 1090 βίῳ
536 1004 693 1091 σπουδαίῳ
711 1000 904 1069 παντόπασιν
929 1004 966 1069 or’r
991 1006 1164 1090 προσίχων,
1191 1003 1361 1087 ίπιτῆδειον

254 1110 290 1174 tl
313 1108 423 1197 κρίνων
444 1106 498 1172 τόν
518 1106 630 1192 [όγρδν
654 1106 691 1191 ἢ]
713 1104 859 1193 ἄργόριον
879 1104 1073 1193 προσάγοντα
1091 1114 1204 1173 πλεῖον.
1253 1100 1360 1189 καὶῆν

197 1272 204 1285 ,
254 1212 330 1277 ίδεῖν
351 1210 600 1297 ἄργυραμοιβοδς
623 1213 672 1275 καί
697 1208 907 1291 δβολοστότας
922 1214 973 1276 καί
991 1210 1103 1289 ἄλλους
1119 1211 1170 1275 tn'
1189 1211 1304 1296 ἀγορᾶς
1318 1210 1361 1275 τὰ

254 1320 317 1381 τεόν
339 1310 585 1397 ἐπιτηδευμάτων
610 1312 798 1399 αίσχρότατα
820 1312 981 1397 μετιόντας
994 1314 1229 1401 ἐπιφερομένους
1243 1314 1283 1379 τὰ
1298 1322 1362 1379 τοῖν

256 1418 360 1505 ἀρχῶν
383 1414 527 1499 σόμβολα
549 1418 601 1481 καὶ
625 1427 689 1495 τοῖς
709 1420 834 1483 πλείονα
856 1417 958 1500 ίχουσι
977 1416 1125 1504 χρήματα
1140 1418 1197 1495 τὰς
1213 1418 1362 1504 ίπαρχίας
1371 1426 1409 1479 10

255 1518 492 1607 παραδιδόντας.
552 1520 647 1606 (29)
674 1519 769 1604 οόσης
792 1513 847 1586 osia
870 1521 931 1605 ἤδη
955 1520 1099 1606 τοιαύτης
1119 1529 1175 1605 τῆς
1199 1522 1280 1609 όμῳλ
1305 1521 1364 1605 τὴν

254 1626 410 1691 πολιτείαν
424 1625 473 1688 lul
489 1623 524 1690 τὸ
539 1634 643 1709 χεῖρον
658 1625 842 1709 ἓναλλαγῆς,
868 1624 904 1690 τὸ
918 1626 975 1707 μίν
991 1624 1208 1712 στρατιωτικόν
1221 1626 1253 1689 ἓν
1270 1624 1363 1713 ὀλίγῳ

256 1728 406 1813 μεμείωτο
426 1725 529 1816 χρόνῳ
550 1730 601 1793 καί
623 1730 666 1806 είς
680 1728 715 1793 si
732 1730 830 1811 μηδὲν
844 1730 1035 1815 περιίστατο,
1059 1729 1117 1805 τὰς
1132 1730 1166 1794 δὲ
1180 1722 1281 1806 πόλεις
1295 1730 1362 1792 ἐπι-

256 1834 387 1897 λελοίπει
408 1830 449 1897 nl
469 1828 634 1919 χρήματα,
667 1830 707 1896 τὰ
729 1833 786 1914 μὲν
810 1830 870 1896 ὑπὸ
892 1838 955 1898 τῶν
975 1832 1173 1899 ἓπιτεδίντων
1199 1834 1362 1920 είσῳορόίν,

255 1932 502 2022 ὑπερβαινόντων
526 1934 561 2000 τδ
583 1935 713 2019 μέτρον,
738 1934 779 2000 τὰ
797 1936 831 2000 δὲ
845 1938 888 2012 είς
901 1935 959 2019 τὴν
972 1942 1035 2001 τῶν
1050 1934 1206 2021 ἀρχόντων
1222 1936 1358 2000 δκενοῦτο
1370 1944 1407 1999 15

256 2040 444 2114 πλεονεξίαν·
471 2036 543 2113 τοὺς
556 2038 615 2122 γὰρ
629 2037 673 2120 μὴ
690 2036 918 2123 θεραπεύοντας
931 2037 987 2122 τὴν
1001 2038 1102 2103 αὐτῶν
1115 2038 1285 2122 ἀπληστίαν
1298 2047 1363 2115 τοῖς

256 2140 291 2205 ἐκ
317 2141 523 2228 συκοφαντίας
546 2137 704 2225 πράγμασι
726 2142 941 2226 περιέβαλλον,
966 2139 1062 2223 μόνον
1082 2141 1150 2225 οὐχὶ
1170 2148 1304 2225 βοῶντες
1321 2139 1364 2218 ὡς

256 2240 317 2311 ὅσα
331 2240 408 2331 ὖπίρ
422 2250 477 2327 τῆς
491 2242 589 2330 ἀρχῆς
603 2242 772 2309 δεδώκασιν
785 2240 901 2331 ἀνάγκη
915 2250 1001 2311 πᾶσα
1016 2255 1205 2332 συναγαγεῖν.
1239 2246 1275 2311 ἐκ
1289 2242 1364 2311 τοό-

328 2440 347 2495 7
376 2434 464 2507 δηρὸν
491 2429 510 2505 ἢ
540 2442 642 2490 enatura
672 2454 706 2491 ex
735 2434 879 2508 ιίρμίριον.
1018 2439 1053 2496 1s
1078 2434 1257 2495 ότιολελοίιεα
1272 2440 1361 2509 vulgo.

328 2510 363 2565 14
383 2516 444 2561 ante
459 2504 495 2559 ccl
512 2502 563 2573 μὲν
580 2506 742 2562 desideratur
765 2516 811 2561 ant
832 2508 969 2562 relativum
991 2500 1048 2577 oia,
1074 2516 1120 2563 ant
1142 2510 1288 2580 copulativa
1304 2510 1361 2578 sul,

327 2583 375 2631 aut
392 2576 460 2629 nliud
477 2575 624 2629 huiusmodi.
640 2578 713 2645 Sym.
749 2578 811 2631 nibil
829 2579 872 2633 lric
890 2584 973 2631 mutat
990 2579 1157 2631 Godot'redus
1175 2596 1262 2642 mens,
1281 2578 1321 2631 vir
1336 2578 1364 2631 iu

326 2647 411 2702 suedia
428 2646 541 2699 Graecia
559 2644 634 2715 plura
653 2647 775 2716 edoctus,
793 2665 870 2717 quan
886 2648 988 2718 quidem
1005 2648 1168 2715 Sylbnrgins.
1201 2647 1256 2700 rid.
1268 2662 1325 2701 ensa
1336 2647 1363 2701 ln

327 2714 538 2769 Caumatis.
574 2714 1068 2786 Theod.Cod.srlleg.lul.repetnnd.
1084 2718 1182 2772 Rittcr.
1216 2716 1275 2769 loco
1293 2734 1364 2769 com·

328 2784 405 2840 ruatis
423 2790 483 2854 post
498 2780 710 2852 rennuentibus
723 2785 911 2841 distinctionem
921 2784 1013 2855 posui,
1031 2801 1082 2854 qus
1094 2786 1242 2839 coniectura
1253 2786 1365 2853 Sylbur·

329 2856 408 2923 gisna
418 2852 498 2922 magis
508 2854 538 2905 lit
548 2852 686 2922 superflua.
702 2854 734 2908 lt.
839 2852 939 2921 φόρων
948 2857 978 2918 S,
995 2872 1028 2907 ne
1039 2855 1199 2923 discreparet
1209 2872 1291 2925 genus
1302 2871 1364 2923 par-

326 2924 416 2993 ticipii.
453 2930 482 2973 at
493 2922 621 2992 discrepat
633 2924 708 2975 etiam
740 2926 861 2979 .8916=
881 2921 1111 2989 carpetaniam
1127 2920 1363 2991 πεντηκοντόρου,

328 2999 356 3047 at
368 2992 408 3045 l.5
417 3010 440 3046 c.
448 2992 497 3044 26:
515 2991 572 3042 suiv
587 2988 695 3045 πόλεων
708 2990 919 3060 απεγνωκόταν,
952 2992 988 3045 cf.
999 2992 1077 3047 Pbot.
1090 2993 1212 3046 Biblioth.
1226 3012 1251 3062 p.
1267 2996 1280 3045 1
1293 2994 1309 3044 b
1320 2994 1363 3058 27,

326 3061 463 3183 {athan
481 3060 561 3185 235133
570 3061 596 3127 8,
613 3062 748 3131 asaban,
765 3064 886 3130 trabs,
902 3062 1037 3119 450le
1072 3061 1210 3116 Tlsiersclr.
1231 3061 1365 3129 δολίοισι

353 3146 459 3185 aeonum
470 3146 497 3198 p.
562 3168 570 3183 .

260 3316 361 3370 cunque
377 3298 484 3353 lubitum
502 3304 588 3364 esset,
608 3299 716 3353 animum
736 3297 860 3370 principis
875 3298 1030 3370 necterent,
1050 3299 1084 3355 rls
1099 3298 1154 3367 iris,
1168 3300 1287 3371 inquam,
1304 3300 1366 3370 quiri

261 3387 327 3440 opus
339 3376 379 3423 est
391 3370 532 3421 orationem
544 3369 677 3421 instituere
694 3368 877 3437 prolixiorem?
896 3370 998 3438 qnando
1016 3386 1101 3422 rerum
1120 3370 1256 3438 interitus,
1274 3370 1366 3422 exinde

261 3438 358 3501 secuti,
377 3454 468 3490 causae
486 3437 559 3490 nobis
578 3438 728 3489 indicandae
745 3438 859 3489 veniunt
895 3456 950 3490 cnm
971 3438 1036 3490 enirn
1053 3439 1365 3507 temereatqneetiarnin

260 3506 378 3573 indignos
388 3505 444 3559 fisci
456 3506 523 3558 bona
534 3506 714 3575 profunderet,
731 3505 842 3575 ideoque
853 3521 903 3558 non
915 3508 962 3559 abs
973 3525 1002 3559 re
1016 3507 1131 3576 pluribus
1142 3508 1257 3578 pecuniis
1268 3514 1365 3576 egeret,

260 3575 449 3649 provinciarum
471 3575 647 3644 praefecturas
663 3574 797 3644 quibusvis
810 3575 991 3629 accedentibus
1003 3577 1107 3629 venales
1119 3580 1280 3645 exponebat,
1298 3576 1365 3629 nnlls

283 3660 370 3697 rorans
390 3644 583 3697 existimationis
602 3650 648 3696 aut
666 3644 789 3697 honestae
805 3644 874 3696 vitae
887 3644 987 3697 ratione
1005 3645 1105 3714 habita,
1124 3646 1171 3699 serl
1183 3664 1239 3698 eum
1251 3645 1364 3696 iudicans

260 3662 381 3767 lioneun
400 3712 445 3782 qui
463 3712 520 3765 anri
536 3715 577 3765 rel
596 3714 696 3781 argenti
711 3713 830 3766 maiorem
848 3728 970 3765 sumnam
987 3713 1106 3769 afferret.
1143 3714 1261 3784 adeoque
1278 3714 1366 3767 ridere

262 3790 319 3836 erat
331 3782 490 3851 argentarios
503 3789 529 3834 et
541 3783 719 3837 nummularios
736 3790 764 3834 et
781 3782 863 3849 elios,
889 3782 1065 3852 professiones
1083 3782 1110 3835 in
1130 3784 1189 3836 toro
1207 3782 1365 3836 foedissimas

261 3856 403 3913 obeuntes,
421 3852 615 3920 magistratuum
634 3852 744 3919 insignia
760 3850 847 3912 ferre,
864 3850 1036 3920 maioremque
1053 3853 1175 3921 pecuniae
1186 3852 1237 3905 rim
1249 3852 1367 3905 habenti·

260 3922 309 3974 bus
327 3920 472 3990 provincias
490 3921 601 3975 tradere.
637 3922 712 3991 (29)
732 3936 788 3972 cnm
804 3919 865 3973 talis
881 3920 908 3972 in
925 3938 954 3972 rs
968 3920 1131 3989 publicolam
1144 3922 1287 3990 coepisset,
1306 3936 1366 3973 ver·

297 4008 325 4042 ns
337 3990 363 4042 in
375 3990 502 4054 deterius,
520 3992 641 4055 mutatio,
658 3991 780 4042 militares
792 3988 893 4057 quidem
905 3989 995 4059 copiae
1008 3991 1173 4060 perexiguum
1187 3992 1253 4042 intra
1267 3999 1367 4061 tempus

261 4008 474 4112 {minuebantur
485 4066 512 4111 et
523 4058 547 4112 in
560 4060 662 4113 nihilum
674 4060 737 4111 ndeo
750 4057 941 4127 redigebantur,
959 4060 1036 4111 nrbes
1046 4077 1110 4112 vcro
1122 4060 1230 4129 pecnnia
1242 4060 1366 4111 destitue-

263 4128 326 4193 bat,
344 4144 410 4195 quae
422 4128 513 4196 partini
525 4146 572 4199 per
583 4128 702 4198 imposita
712 4127 811 4180 tributa
822 4127 923 4179 raodnrn
937 4129 1099 4196 excedentis,
1117 4130 1210 4198 partim
1222 4146 1269 4197 per
1280 4126 1366 4179 arari-

263 4196 325 4249 tiam
338 4198 529 4264 magistratuum
543 4198 745 4251 exhauriebatur.
788 4196 813 4247 lii
827 4197 894 4249 enim
906 4214 951 4249 eos
964 4198 1008 4265 qni
1019 4198 1116 4250 animos
1126 4199 1238 4267 ipsorum
1250 4196 1368 4265 inexple-

263 4264 328 4317 biles
349 4267 399 4318 sibi
420 4284 469 4325 non
491 4266 675 4333 conciliabant,
695 4265 761 4319 ornni
773 4264 843 4317 cultu
854 4266 985 4318 calumniis
994 4265 1185 4336 opprimebant,
1203 4273 1300 4317 tanturn
1317 4281 1367 4317 non

263 4334 404 4389 canaonas
423 4334 507 4388 omnia
524 4334 589 4401 sibi,
607 4352 674 4405 qnae
694 4350 742 4406 pro
760 4334 912 4405 manbustu
923 4346 1118 4404 nunciassent,
1134 4334 1281 4389 nooenadb
1294 4333 1366 4387 oolli-
