3025 4892
568 269 648 338 tut
671 271 696 336 2
720 269 806 338 GAP.
829 269 882 337 49.
906 271 959 338 50.
1239 269 1314 342 117

201 451 279 518 ταῖς
300 439 427 521 πάλαις,
453 436 497 520 ὥς
517 439 557 509 ἀν
578 447 635 508 τοῦ
656 438 862 518 καλύπτοντος
881 441 921 509 sti
942 436 1019 522 ξάλα
1032 436 1158 528 σιδάρου
1174 443 1314 526 δαπανη-

201 549 320 621 θέντος
340 545 464 624 είλξαντα
482 553 526 633 τῷ
543 549 617 631 πυρὶ
634 545 690 629 τὴν
703 549 746 623 εἷς
757 545 814 628 τὴν
826 543 917 610 πόλιν
932 545 1050 614 είίτοδον
1061 543 1256 630 ..ἀναπετάσαι
1269 552 1314 636 τῷ

209 654 342 735 στρατῷ.
393 655 484 715 τοῦτο
499 650 556 732 μέν
570 642 625 716 οάν
639 650 724 734 αάτῷ
734 649 811 735 πρὸς
826 647 914 736 ἐργον
926 649 981 715 οάκ
994 647 1078 733 ἤχθη
1086 697 1097 728 ,
1123 655 1184 714 τῶν
1197 651 1243 718 ini
1258 657 1313 714 τοῦ

208 753 328 834 τείχους
350 749 441 818 ὕδατι
464 759 571 841 πολλῷ
589 750 856 835 κατασβεσάντων
871 753 906 818 τδ
921 759 997 840 πάρ·
1023 753 1078 818 τόν
1094 754 1127 818 δέ
1144 749 1313 818 Κωνστάν-

183 869 273 922 tuor
295 853 529 942 προοαγαγόντα
549 861 590 944 τῇ
609 854 747 943 Μοάρσῃ
767 853 941 938 πυθόμενος
964 853 1065 942 ἵτερόν
1087 883 1116 922 τι
1136 862 1313 940 μηχανᾶται

206 956 334 1024 τοιόνδε.
386 958 511 1026 στάδιον
525 951 564 1044 ἦν
580 986 610 1025 τι
625 961 685 1047 πρὸ
701 968 757 1043 τῆς
773 958 889 1036 πόλεως
904 965 965 1026 τῶν
981 960 1213 1048 ἀφορισθέντων
1230 959 1312 1026 ἀνω-

198 1067 265 1126 «θεν
286 1069 326 1148 τῇ
351 1069 413 1128 τῶν
436 1060 622 1148 ὁπλομάχων
647 1061 778 1151 ἀμίλλῃ,
804 1062 998 1147 πανταχόθεν
1014 1062 1103 1140 ὕλαις
1121 1063 1313 1150 ἀμφηρεφές.

205 1162 306 1253 τοάτῳ
321 1169 448 1232 Κελτῶν
461 1165 623 1255 φάλαγγας
637 1169 790 1254 τέσσαρας
804 1168 1027 1256 ἐναπέκρυψεν,
1052 1165 1312 1252 ἐγκελευσάμενος,

206 1268 329 1333 ἐπειδὰν
351 1272 555 1359 ἐφισταμένου
580 1274 797 1338 Κωνσταντίου
819 1271 925 1354 μέλλοι
941 1271 1001 1358 πρὸ
1017 1279 1071 1355 τῆς
1084 1269 1200 1347 πόλεως
1214 1268 1311 1336 συνά-

163 1379 338 1440 λοπτεσθαι
358 1373 464 1459 μάχη,
487 1385 553 1453 τοῖς
573 1376 719 1452 ἐναντίοις
742 1378 881 1441 ἐπελθεῖν
899 1373 1077 1460 ἀδοκήτοις,
1102 1371 1178 1440 ὥστε
1199 1373 1311 1452 αὖτοδς

205 1477 238 1540 ἐν
264 1479 349 1565 μέσῳ
372 1480 549 1564 ληφθέντας
569 1481 767 1569 πανωλεθρίᾳ
789 1480 1013 1565 διαφθαρῆναι.
1065 1477 1175 1543 τούτου
1197 1478 1230 1542 δέ
1247 1486 1312 1554 τοῖς

205 1582 355 1664 ἐφεστῶσι
379 1589 423 1669 τῷ
443 1585 534 1664 τείχει
550 1583 741 1668 γνωσθέντος
757 1581 853 1659 εάθδς
870 1577 886 1646 ἀ
903 1578 1118 1657 Κωνστάντιος
1132 1577 1311 1644 Σκολιδιόαν

205 1685 256 1748 καί
279 1685 437 1750 Μαναδδν
459 1685 533 1763 τοδς
555 1683 725 1771 ταξιάρχας
743 1685 924 1767 ἐξέπεμπεν·
951 1684 980 1749 οἱ
995 1685 1029 1750 δέ
1041 1683 1114 1760 τοδς
1130 1680 1186 1746 ἀπ’
1205 1681 1310 1759 αάτοῖς

203 1788 404 1872 τεταγμένους
425 1785 552 1866 ὁπλίτας
572 1815 605 1855 τε
624 1791 675 1852 καὶ
690 1785 819 1866 τοξότας
833 1789 1008 1874 ἀριστίνδην
1023 1783 1158 1869 ἐλόμενοι
1174 1784 1230 1864 τάς
1244 1780 1309 1850 θεί-

161 1897 196 1952 15
204 1915 262 1975 ρας
275 1897 331 1956 τοῦ
343 1894 470 1957 σταδίου
484 1889 588 1970 πάσας
599 1893 796 1970 ἀπέκλεισαν,
822 1888 1029 1974 ἀπολαβόντες
1039 1892 1073 1955 δέ
1085 1889 1157 1966 τοδς
1168 1884 1308 1975 δττερκει-

201 1995 314 2074 μένους
329 1993 438 2060 τοάτου
449 1997 599 2079 βαθμοάς
610 1993 805 2079 πανταχόθεν
820 2021 851 2060 τε
865 1995 937 2072 τοδς
952 1996 983 2060 ἐν
1000 2001 1044 2084 τῳ
1056 1995 1171 2080 σταδίῳ
1187 1989 1308 2058 κυκλώ-

201 2119 311 2174 σαντες
321 2098 550 2176 κατετόξευσαν.
601 2101 665 2166 ἐπελ
679 2100 715 2164 δέ
725 2125 804 2176 τινες
816 2099 918 2164 αὐτῶν
932 2099 1085 2175 ἐπιθέντες
1097 2095 1136 2162 ui
1149 2094 1228 2181 σάκη
1240 2105 1308 2172 ταῖς

94 2283 99 2296 .
201 2205 352 2287 κεφαλαῖς
374 2201 661 2290 ἐπειράθησαν,τσῦ
683 2205 810 2268 σταδίου
831 2205 994 2290 διαρρῆξαι
1012 2201 1068 2279 τάς
1085 2197 1205 2288 θόρας,
1227 2195 1307 2282 ὁμοῦ

201 2303 405 2385 συμπεσόντες
421 2311 472 2372 καὶ
488 2305 617 2385 τοότους
629 2307 734 2389 βέλεσί
746 2333 778 2373 τε
795 2304 960 2389 βάλλοντες
975 2307 1026 2370 καὶ
1042 2307 1195 2380 θείνοντες
1207 2305 1308 2389 ξίφεσι

158 2409 353 2490 ἐθδιίμειναν
361 2459 370 2488 ,
394 2409 483 2497 ἀχρις
497 2409 546 2478 ὅτε
563 2413 744 2498 διέφθειραν
762 2410 910 2487 ἅπαντας.
960 2406 1059 2498 τούτῳ
1074 2415 1119 2498 τῳ
1133 2403 1236 2495 τρόπῳ
1251 2411 1306 2490 τῆς

201 2515 397 2596 Μαγνεντίου
411 2512 614 2598 διαπεσοόσης
626 2516 790 2612 ἐπιγλουλῇς
806 2517 857 2579 καλ
869 2521 925 2598 τῆς
939 2514 1063 2600 ἐνέδρας
1076 2515 1119 2589 εές
1133 2511 1307 2578 τούναντίον

202 2616 287 2700 αὐτῷ
301 2615 496 2703 περιστάσης,
521 2620 565 2694 είς
578 2617 690 2683 ταάτδν
705 2613 867 2705 ἀμφότερα
881 2614 1025 2702 γενόμενα
1038 2615 1077 2681 sni
1090 2610 1307 2703 στρατεύματα

201 2719 379 2785 συνέπιπτεν
401 2719 545 2805 ἀλλήλοις
565 2721 598 2785 ἐν
619 2726 663 2809 τῳ
680 2719 740 2808 πρὸ
756 2725 813 2804 τῆς
828 2717 982 2806 Μοάρσης
998 2721 1102 2809 πεδίῳ.
1150 2715 1254 2802 μάχης
1272 2739 1304 2780 τε

267 2859 441 2988 Ξτέῳροττ
457 2863 498 2926 εἰς
513 2863 566 2917 add
582 2865 613 2920 8.
734 2858 941 2918 ἀνατετάσαιεν
957 2861 988 2918 λι.
1090 2846 1127 2916 ‘9
1153 2855 1305 2929 τμητοῖς

267 2929 370 3001 πρὸ.
477 2935 510 2987 19
525 2933 680 2998 κτείνοντες
694 2931 728 2987 ia,
1299 2947 1302 2954 ⁴

197 3049 297 3117 imum,
314 3057 345 3104 ut
360 3053 432 3105 ferro
448 3057 615 3124 αοοεοσιρίο,
630 3051 701 3122 qnod
715 3051 787 3120 ligns
802 3057 920 3122 tegeret,
934 3047 1059 3104 exercitui
1069 3047 1164 3101 editum
1175 3045 1201 3098 in
1212 3044 1302 3098 urbem

197 3119 249 3186 igni
269 3123 429 3204 pstefscturn
446 3122 566 3192 aperiret
600 3139 691 3175 verum
708 3123 758 3175 hee
768 3125 792 3175 ei
804 3139 854 3175 non
866 3119 1005 3184 successit,
1022 3133 1079 3170 curn
1091 3117 1109 3169 ii
1121 3115 1165 3238 gui
1177 3112 1302 3194 consiste-

198 3190 261 3241 bant
269 3207 296 3243 ιο
308 3193 439 3244 moenibus
448 3192 533 3259 ignem
545 3193 674 3260 mgnsri
687 3207 772 3260 τηοσε
781 3189 982 3259 restinguerent
1017 3195 1044 3240 st
1061 3187 1103 3238 ubr
1145 3191 1301 3237 onstsntruns

198 3258 303 3327 propius
322 3276 338 3312 α
355 3260 446 3313 Mures
454 3261 504 3312 iens
516 3261 609 3314 ebesse
618 3267 801 3332 comperisset,
818 3260 887 3313 eliud
899 3257 1018 3328 quiddam
1034 3254 1175 3309 huiusmodi
1190 3250 1301 3305 molitur.

197 3336 256 3377 eret
267 3335 327 3379 ante
337 3331 425 3382 urbem
435 3330 545 3382 stedinm
556 3329 699 3400 quotidem,
714 3331 866 3384 sttributunr
878 3325 1003 3397 superiori
1015 3324 1135 3378 memoris
1145 3337 1232 3376 eornm
1244 3335 1301 3371 cer-

199 3396 286 3447 tamini
305 3398 394 3465 quise
411 3400 503 3451 ernusti
519 3407 688 3465 exercerent,
711 3401 745 3452 eb
762 3399 830 3452 omni
844 3405 919 3468 parte
929 3395 1001 3449 silvis
1014 3411 1129 3465 opscurn.
1163 3391 1189 3444 in
1200 3407 1232 3442 οο
1243 3401 1301 3441 cuns

198 3471 320 3583 ῳγαλῐοοτ
343 3466 475 3520 Celtarum
500 3469 622 3520 cobortes
644 3469 800 3534 abdidisset,
826 3467 900 3520 iussit
921 3471 951 3518 ut
974 3473 1138 3534 posteaquem
1151 3457 1270 3514 adductis
1283 3475 1301 3510 s

224 3534 353 3585 nnstsntin
373 3536 451 3605 copiis
467 3547 528 3590 ente
546 3537 665 3608 oppidum
677 3554 764 3606 pugne
775 3543 968 3597 consueretur,
985 3536 1072 3586 hostes
1082 3531 1225 3602 inopinatos
1236 3527 1300 3610 τδρ-

197 3600 323 3666 sinentur,
338 3603 376 3655 its
387 3613 418 3656 nt
427 3607 564 3674 intercepti
575 3608 607 3659 ιδ
618 3604 816 3660 internecionem
827 3621 909 3676 nsque
925 3603 1080 3656 delerentur.
1114 3617 1146 3654 es
1166 3617 1195 3651 το
1216 3597 1250 3649 sb
1268 3613 1299 3648 ns

196 3667 1298 3813 atttritizttttsstttiitti'nti?qtttffttititttttt

196 3807 318 3862 militibus
334 3825 410 3880 quesn
427 3813 568 3881 sagittariis
585 3831 618 3866 ex
636 3820 691 3865 toto
702 3812 807 3866 militurn
820 3827 940 3878 numero,
960 3811 1004 3878 qui
1015 3807 1172 3863 subiliorum
1183 3802 1299 3858 erstiss·

195 3879 284 3949 Ρθῐῑθι
300 3895 386 3931 secum
397 3881 506 3951 sumptis
517 3899 604 3936 omnes
613 3882 690 3936 stsdii
700 3891 791 3954 portes
801 3881 966 3935 obsederunt.
999 3894 1107 3945 sumque
1117 3875 1192 3928 stadii
1202 3869 1299 3940 gradu

196 3947 343 4016 ¹⁰P⁰¹i⁰fe⁸
354 3966 416 4001 ⁰00⁰
436 3958 532 4017 assent
549 3960 577 4006 et
587 3952 699 4021 undique
710 3951 803 4004 milites
813 3952 856 4020 qui
868 3955 942 4003 ersnt
951 3948 977 4000 in
988 3945 1073 4000 stsdio
1084 3943 1237 4008 cinxissent,
1253 3955 1297 3990 ss·

195 4015 270 4083 ginis
292 4033 338 4069 eos
360 3969 540 4073 eoniieiebsnt
572 4021 676 4074 iliorum
697 4037 762 4075 sero
785 4019 924 4084 nonnuliis,
941 4016 1050 4070 subistis
1067 4013 1095 4068 in
1113 4029 1144 4066 cs
1161 4011 1197 4063 its
1209 4006 1297 4092 sentis,

195 4085 272 4136 studii
292 4094 382 4156 portes
401 4089 566 4159 perfringere
585 4092 701 4158 onustis,
717 4090 815 4160 inpetu
829 4087 925 4162 pariter
935 4087 963 4139 in
974 4100 1019 4138 eos
1031 4083 1100 4138 insto
1173 4091 1300 4132 nonsreere

193 4153 339 4225 gladiisque
349 4157 428 4210 ferire
438 4175 489 4212 nnn
500 4160 666 4227 desinebant,
684 4159 767 4213 donee
777 4159 912 4212 universos
924 4151 1122 4209 interemissent.
1157 4149 1208 4204 hon
1223 4145 1300 4231 ταοδο

194 4239 252 4276 ⁰⁰⁰¹
271 4225 343 4276 irriiss
362 4227 500 4283 cecidisset
511 4227 655 4297 Magnentii
664 4229 741 4291 {rsus
751 4236 780 4282 et
789 4227 897 4282 insidise
907 4225 1035 4280 diversum
1047 4223 1080 4278 sb
1092 4219 1211 4293 opinione
1221 4217 1302 4288 ipssns

195 4301 315 4348 eventum
330 4295 497 4370 hebnissent,
513 4298 648 4370 congressi
657 4299 787 4354 exereitus
798 4298 824 4352 in
836 4295 961 4370 planitie,
977 4311 1045 4365 τοτε
1055 4301 1116 4349 snte
1127 4291 1241 4346 Murssm
1252 4292 1301 4350 est,
