3025 4892
231 288 305 362 198
708 288 860 357 zostnfl

228 486 300 541 νου,
321 444 496 529 καταλιπών
516 458 724 543 Σεβαστιανδς
746 460 804 545 τὴν
825 456 956 547 ἐσπέραν
972 454 1024 524 olo
1036 464 1099 525 uiis
1113 455 1227 525 πάτίθι
1238 465 1337 541 βασι·

230 568 306 631 λέων
332 564 384 629 διά
408 562 535 649 νεότητα
559 572 683 651 φρονεῖν
707 564 806 631 ταύτά
827 563 904 651 πρὸς
918 560 1047 640 ἑαυτούς
1061 563 1118 627 ode
1135 562 1334 645 ἀνεχομένων,

231 667 311 735 ἀλλά
326 664 473 733 ἐκδόντων
489 665 616 745 ἑαυτούς
632 664 784 751 εὐνούχων
799 668 848 733 ἐπὶ
866 674 911 755 τῷ
925 674 1045 732 κοιτῶνι
1059 666 1247 751 τεταγμένων
1264 668 1335 730 δια-

229 776 357 856 βολαῖς,
384 775 426 849 εῖς
451 771 507 855 τὴν
535 768 860 837 Κωνσταντινούπολιν
884 770 1071 857 παρεγένετο.
1122 768 1217 854 (23)
1243 774 1334 834 τούτο

230 874 345 961 μαθὼν
366 872 506 958 Ούάλης,
532 876 583 941 καὶ
608 874 665 951 τὰς
690 876 722 940 ἐν
742 875 887 956 πολέμοις
905 876 956 938 καὶ
971 880 1010 961 τῇ
1025 871 1109 961 πάση
1127 873 1264 963 πολιτείᾳ
1279 877 1360 935 curib

232 977 344 1064 ἀνδρὸς
371 978 481 1067 ἀρετὰς
503 974 701 1061 ἐπιστάμενος
706 1025 717 1058 ,
747 978 877 1066 αἱρεῖται
899 976 1070 1065 στρατηγὸν
1093 976 1186 1041 αύτδν
1207 978 1260 1041 καὶ
1281 975 1338 1056 τὴν

233 1080 395 1169 ἡγεμονίαν
417 1087 473 1149 τού
489 1078 607 1158 παντὸς
629 1078 762 1148 πιστεύει
779 1083 924 1163 πολέμου.
975 1077 992 1145 ὅ
1009 1082 1043 1146 δέ
1059 1079 1138 1167 πρδς
1150 1080 1185 1144 sd
1200 1081 1338 1163 ἐκδεδιῃ-

234 1185 362 1269 τημένον
385 1188 437 1253 καὶ
461 1183 654 1251 παντάπασιν
678 1186 800 1269 ἐκμελές
813 1192 875 1251 τοῖν
886 1180 1060 1271 ταξιάρχων
1076 1187 1127 1249 καὶ
1143 1188 1338 1270 στρατιωτῶν

235 1290 379 1375 ἀφορῶν,
408 1291 459 1357 καὶ
482 1286 524 1365 ὡς
547 1291 589 1365 είς
613 1290 712 1375 φυγὴν
728 1286 823 1372 μύνον
839 1292 895 1355 elui
910 1289 1147 1374 γεγυμνασμένοι
1164 1289 1215 1351 καί
1231 1312 1338 1371 γυναι-

234 1389 341 1467 κώδεις
359 1392 409 1455 καὶ
427 1392 542 1469 ἀθλίας
555 1389 662 1474 εῧχύς,
684 1395 850 1476 δισχιλίους
863 1391 991 1478 ᾔτησεν,
1017 1390 1071 1468 oric
1086 1390 1125 1456 ἀν
1142 1392 1257 1469 ἐλοιτο,
1283 1393 1338 1454 do·
1346 1396 1382 1449 10

234 1502 331 1578 θῆναι
347 1492 536 1581 στρατιώτας
554 1495 654 1588 αύτῷ·
677 1494 818 1581 πλήθους
831 1495 891 1581 γάρ
909 1492 1051 1580 ἡγεῖσθαι
1064 1491 1189 1577 χαύνως
1203 1493 1340 1577 ἠγμένων

236 1594 412 1683 ἀνθρώπων
433 1598 477 1682 μὴ
501 1596 606 1689 ῥᾴδιον
626 1596 700 1665 είναι
708 1648 718 1679 ,
744 1601 977 1683 παιδαγωγῆσαι
995 1598 1028 1663 δέ
1042 1597 1163 1682 ὀλίγους
1177 1599 1228 1661 καὶ
1246 1600 1289 1673 είς
1303 1595 1340 1660 sd

238 1700 415 1789 ἀρρενωπὸν
439 1703 472 1766 ἐκ
493 1708 549 1767 τού
570 1699 683 1785 θήλεος
706 1702 868 1787 ἀναγαγεῖν
890 1701 927 1767 ού
948 1698 1074 1787 σφόδρα
1090 1699 1239 1765 δύσκολον
1253 1696 1339 1778 εἶναι,

238 1807 290 1871 καὶ
316 1802 418 1885 ἄλλως
439 1806 472 1869 δέ
492 1807 643 1883 λυσιτελές
660 1812 779 1887 μᾶλλον
795 1807 827 1870 ἐν
841 1804 953 1889 δλίγοις
965 1802 986 1888 ἢ
998 1807 1089 1869 παντὶ
1105 1800 1286 1869 κινδυνεύειν
1297 1806 1342 1889 τῷ

239 1905 363 1991 πλήθει.
413 1910 513 1977 πείθει
526 1914 624 1974 ταῦτα
636 1911 730 1993 λέγων
742 1908 795 1973 τὸν
807 1910 954 1991 βασιλέα,
975 1910 1026 1972 καὶ
1038 1906 1144 1990 λαβὼν
1156 1908 1272 1993 αἵρεσιν
1284 1906 1339 1969 οάκ
1350 1910 1384 1967 15

240 2010 272 2075 ἐκ
297 2015 359 2075 τῶν
382 2010 634 2096 ἐντεθραμμένων
650 2014 746 2103 δειλίη
760 2014 811 2075 καὶ
823 2011 900 2098 πρδς
911 2011 946 2076 τδ
959 2008 1079 2098 φεύγειν
1093 2009 1344 2097 γεγυμνασμένων

241 2110 295 2187 οὓς
315 2109 425 2199 ᾔτησεν
450 2115 561 2192 είλετο,
588 2116 694 2179 νεωστὶ
716 2115 751 2181 δέ
768 2140 854 2192 τινας
874 2116 1140 2200 ἐναριθμηθέντας
1154 2120 1199 2201 τῷ
1212 2136 1346 2199 στρατο·

241 2216 323 2303 πέδῳ
343 2218 393 2281 καὶ
416 2213 559 2299 σώματος
577 2218 799 2303 ἀνατρέχοντος
815 2218 927 2308 εύφνΐη
943 2219 994 2281 καί
1009 2218 1133 2303 προσέτι
1147 2242 1180 2301 γε
1195 2222 1240 2302 τῷ
1253 2212 1344 2302 φύσει

241 2320 461 2405 τεκμαίρεσθαι
487 2321 643 2409 δυναμένῳ
669 2321 871 2409 φαινομένους
889 2324 931 2397 εές
947 2319 1020 2406 ὅπερ
1036 2317 1195 2408 ᾑρέθησαν
1213 2315 1344 2395 ἱκανούς.

237 2418 376 2487 αύτύθεν
388 2414 442 2485 σύν
457 2420 584 2489 ἐκάστου
599 2432 654 2507 τῆς
669 2422 790 2512 φύσεως
803 2426 953 2511 ἐπειρᾶτο,
973 2425 1024 2488 καὶ
1039 2430 1078 2509 τῇ
1094 2433 1215 2506 συνεχεῖ
1226 2430 1390 2509 rupina-20

243 2526 295 2613 σίη
321 2524 355 2589 τὸ
379 2526 479 2591 ἐνδέον
498 2524 651 2613 ἐπλήρου,
676 2528 878 2607 πειθομένους
903 2528 959 2609 μέν
983 2529 1114 2591 ἐπαινῶν
1140 2530 1191 2591 καὶ
1218 2529 1347 2610 δωρεαῖς

243 2624 457 2715 ἀμειβόμενος,
484 2630 646 2697 ἀπειθοῦσι
664 2632 697 2695 δέ
713 2630 849 2719 σφοδρὸς
863 2632 914 2695 καὶ
927 2630 1135 2717 ἀπαραίτητος
1149 2627 1225 2695 εἶναι
1237 2632 1346 2693 δοκῶν.

208 2796 213 2815 ’
285 2820 442 2951 ’ξιηρηῖηρλ
458 2824 500 2879 Rr
517 2824 576 2882 libri
592 2822 693 2883 ταῦτα.
799 2818 1050 2899 19ᾐρέθησαν8ι
1069 2819 1207 2896 ἠρέθισαν
1223 2824 1266 2893 Ιι,
1282 2821 1347 2895 dos·

193 3066 197 3081 '
246 3080 293 3118 nus
311 3062 454 3118 Occidente
472 3064 581 3131 relicto,
598 3062 667 3135 quod
678 3066 737 3119 istic
748 3064 793 3137 qui
804 3065 923 3120 eruntim
942 3068 1074 3133 emtores,
1096 3065 1130 3119 ob
1149 3064 1348 3119 imbecillitatem

246 3134 340 3187 setetis
352 3134 418 3187 inter
430 3148 459 3187 se
471 3135 611 3189 concordes
622 3152 678 3187 esse
690 3152 739 3187 non
750 3144 870 3204 possent,
887 3152 901 3187 s
950 3136 1122 3188 eunuchorum
1140 3135 1261 3189 cubiculis
1271 3151 1348 3204 prse-

245 3204 372 3258 fectorum
391 3204 520 3257 calumniis
535 3212 605 3255 totos
624 3222 652 3257 se
669 3205 816 3273 truderent,
840 3204 939 3274 Cpolim
955 3204 1036 3256 venit.
1073 3204 1146 3272 (23)
1162 3221 1193 3255 es
1204 3222 1234 3256 re
1245 3204 1348 3271 cognitu

246 3272 362 3338 Valens,
387 3272 430 3341 qui
449 3274 522 3327 buius
535 3274 583 3325 viri
595 3278 647 3325 tem
657 3274 682 3325 in
693 3273 768 3325 bellis
779 3291 855 3344 qus·
868 3272 1068 3325 administrando
1079 3272 1196 3325 universe
1207 3290 1237 3324 re
1265 3270 1349 3325 ublioa

245 3340 355 3392 virtutes
373 3348 462 3405 norst,
481 3342 658 3394 Sebastianum
675 3350 820 3412 praetorem
838 3342 967 3425 copiarum
978 3340 1064 3409 eligit,
1083 3341 1188 3411 eiusque
1199 3342 1259 3393 bder
1270 3341 1350 3393 totius

246 3408 305 3462 beili
317 3410 423 3475 gerendi
436 3426 524 3461 munus
537 3408 678 3463 committit.
713 3411 736 3463 is
747 3412 781 3463 sd
793 3412 921 3465 mollitiem
934 3425 1105 3479 summamque
1115 3409 1255 3463 socordiam
1266 3410 1350 3463 tribu·

247 3494 336 3529 norum
354 3485 433 3545 atquc
448 3479 554 3529 rnilitum
573 3479 727 3549 respiciens,
744 3488 772 3532 et
792 3481 859 3550 quod
877 3479 911 3532 ed
928 3481 1015 3546 iugum
1027 3486 1054 3531 et
1065 3478 1196 3532 muliebris
1206 3480 1350 3548 misereque

246 3552 310 3598 vote
327 3545 451 3601 duntaxat
463 3546 597 3598 exercitati
608 3556 708 3612 essent,
727 3549 778 3601 duo
790 3550 858 3601 milis
868 3548 985 3612 miiitum,
1003 3565 1067 3616 quos
1078 3548 1133 3615 ipse
1144 3548 1284 3615 deligeret,
1301 3546 1351 3601 sibi

248 3614 303 3667 dori
323 3614 404 3682 petiit.
440 3615 600 3667 existimabat
619 3616 681 3668 enim
694 3634 745 3669 non
757 3634 816 3669 esse
827 3618 901 3671 tsciie
911 3616 1065 3669 multitudini
1078 3616 1204 3669 bominum
1223 3634 1351 3685 pressere,

248 3684 293 3767 qui
309 3684 433 3738 dissolute
449 3684 584 3753 gubernati
595 3684 716 3749 fuissent3
737 3695 766 3739 st
775 3686 910 3739 instituere
921 3702 1017 3754 paucos
1029 3693 1057 3739 st
1069 3701 1084 3737 s
1094 3684 1207 3738 moribus
1218 3686 1352 3739 effemina-

247 3760 282 3807 tns
293 3752 326 3805 sd
338 3752 426 3805 viriles
436 3753 573 3807 traducere
584 3770 634 3805 non
646 3756 779 3807 admodum
790 3771 848 3806 esse
858 3754 971 3807 difficile.
1007 3755 1087 3823 mugis
1105 3762 1133 3807 et
1147 3753 1260 3823 alioquin
1270 3772 1352 3825 expe·

248 3821 318 3887 dire,
335 3822 357 3873 si
375 3822 422 3875 bet
438 3824 463 3877 in
479 3822 568 3891 prucis
580 3822 666 3893 potius
678 3841 752 3892 quern
764 3826 790 3875 in
803 3824 922 3877 universa
932 3822 1093 3878 multitudine
1104 3823 1251 3894 periculum.
1287 3826 1352 3877 bueo

248 3890 336 3945 dicens
353 3890 504 3960 imperatori
521 3894 673 3962 persuadete
692 3894 894 3962 electionemque
911 3900 1000 3949 nsctuu
1017 3911 1068 3946 uon
1086 3911 1133 3947 eos
1151 3894 1201 3945 sibi
1214 3892 1292 3947 sumit
1307 3890 1353 3962 qui

250 3968 337 4013 essent
354 3961 471 4015 innutriti
489 3962 616 4014 iorrnidini
628 3962 698 4015 eisd
710 3962 891 4031 capessendum
902 3963 989 4028 iugum
1001 3961 1152 4029 exercitati,
1170 3963 1217 4015 sed
1229 3962 1353 4031 quosdam

250 4044 341 4081 recens
356 4030 501 4099 adscriptor
511 4030 650 4094 exercitui,
669 4033 835 4151 corporimpus
844 4031 947 4083 dotibus
959 4032 1070 4099 egreglis
1080 4048 1096 4083 e
1107 4040 1199 4083 nature
1211 4031 1351 4101 prssditos,

250 4106 278 4150 et
291 4099 334 4166 qui
346 4108 482 4169 praetereo
495 4100 653 4153 coniectandi
666 4102 749 4168 perito
763 4100 789 4153 vi
806 4109 924 4164 crentur,
942 4101 975 4153 ed
992 4100 1160 4169 quodcunque
1176 4102 1276 4155 temnus
1287 4099 1352 4153 inol-

249 4172 375 4235 tarentnr,
392 4169 476 4221 idonei
488 4170 576 4225 inturi.
600 4170 734 4225 confertim
746 4170 823 4237 igitur
833 4170 957 4238 euinque
967 4179 1080 4222 naturum
1093 4176 1219 4239 exploret,
1237 4178 1265 4222 ot
1275 4184 1352 4221 exer-

250 4234 373 4288 oitstione
393 4235 522 4306 frequenti
540 4236 608 4307 quod
629 4236 720 4289 deerat
737 4238 853 4307 supplet,
870 4240 941 4291 dieto
951 4239 1084 4291 audientes
1096 4238 1243 4293 oollsudsns
1255 4256 1287 4291 eo
1298 4254 1354 4289 mu·

252 4304 357 4361 neribus
368 4306 505 4373 efficiens,
519 4306 545 4361 iu
557 4306 621 4361 ebor
631 4306 809 4363 inobedientes
818 4308 858 4363 ita
867 4325 897 4362 se
906 4325 999 4377 gereres
1010 4316 1041 4363 ut
1050 4308 1159 4363 acerbus
1170 4317 1198 4361 et
1207 4307 1354 4361 inexorsbi·
