3025 4892
247 317 325 390 sco
663 295 942 388 inmunem

247 507 322 564 ρους
335 519 374 532 -
387 495 423 542 ut
436 484 664 563 etels'ipraeur
674 506 715 546 re.
763 495 895 544 ceterum
909 485 1075 562 necepses
1088 483 1196 543 Rufino
1209 504 1271 544 nen
1284 503 1355 544 suc-
1475 487 1476 490 ’

249 572 339 630 cessit
351 567 514 644 hactenus,
539 581 573 630 ut
586 592 633 652 pr.
651 591 696 650 pr.
712 572 842 631 Orientis
855 572 955 644 fieret,
980 589 1053 628 nam
1074 571 1107 627 in
1127 569 1227 628 Rufini
1253 571 1357 628 locum
1425 595 1430 604 ·

249 657 393 715 suecessit
405 656 573 715 Caesarius.
616 659 778 735 Eutropius
797 656 894 715 fectus
915 665 960 714 est
977 657 1165 734 praepositus
1180 658 1254 714 sacri
1269 656 1357 712 cubi-
1476 719 1477 736 ,

175 730 188 745 ”
250 741 322 816 culi,
344 759 423 798 eurio
437 761 508 800 vero
522 745 584 806 399
602 743 707 801 consul
720 752 765 800 est
779 745 978 800 renuntiatus.
1022 740 1132 800 otini.
1148 759 1173 798 c.
1192 745 1240 804 17.
1263 741 1310 798 H.

336 827 444 904 p.256
459 847 488 884 v.
507 827 557 888 10.
601 826 664 885 rid.
681 827 719 886 de
732 828 805 905 fuga
821 826 861 886 ad
872 828 980 886 eccles.
995 825 1019 886 l.
1036 833 1050 892 1
1066 845 1093 884 c.
1107 823 1170 884 Th.
1180 823 1285 884 'dehis
1303 825 1361 906 qui
1476 769 1477 842 l

250 909 291 970 ed
307 911 467 970 ecclesiam
481 913 669 990 confugiunt,
713 913 824 970 Ram,

336 993 378 1055 it.
425 995 465 1056 sd
485 998 555 1056 illes
572 997 649 1058 forte
663 997 851 1079 pertinentl.
868 995 907 1061 15
923 1017 950 1056 c.
964 993 1026 1054 Th.
1041 993 1079 1054 de
1095 995 1182 1055 bonis
1199 995 1359 1078 proscript.
1477 963 1478 1010 l

251 1081 380 1224 leb.
398 1186 428 1225 r.
446 1168 498 1231 16.
539 1163 602 1226 vid.
625 1166 688 1231 l.3
711 1186 739 1226 c.
754 1163 816 1226 Th.
839 1165 879 1226 ed
901 1167 962 1247 leg.
977 1167 1067 1226 (lom.
1089 1163 1127 1225 de
1144 1167 1231 1225 sicar.
1256 1183 1288 1222 n.
1305 1163 1359 1226 11.
1478 1221 1479 1230 ,

252 1251 382 1394 Melle.
399 1355 429 1394 v·
448 1336 499 1398 18.
541 1335 651 1396 Suides
664 1331 697 1394 h.
714 1352 752 1393 v:
784 1328 894 1417 γαυρὸς
914 1357 946 1397 rs
966 1329 1011 1397 oin
1033 1328 1113 1418 ἆνὴρ
1134 1333 1185 1397 sol
1208 1325 1364 1416 ἆγέρωχος

252 1421 306 1486 set
318 1421 484 1496 στρατείαις
499 1417 669 1500 ω’μιληκῶς.
713 1421 751 1478 ci.
767 1424 947 1500 Prosopogr.
964 1419 1068 1479 ο.Τ1ι.

337 1506 379 1564 ib.
424 1525 515 1583 supra
535 1507 578 1586 (4
599 1507 661 1585 45)
686 1503 760 1565 dicit
777 1510 917 1567 Zosimus
939 1507 1072 1585 Cynegic
1095 1505 1128 1562 in
1147 1503 1254 1562 itinere
1274 1514 1362 1560 mor-

252 1602 305 1651 i¹¹0
322 1594 489 1651 Tflfifflluffl
507 1592 622 1656 facium
641 1593 737 1670 praef.
757 1613 803 1672 pr.
826 1603 855 1650 et
869 1594 1042 1651 Timasium
1061 1587 1249 1671 pedestribus
1265 1589 1362 1665 copiis

252 1679 441 1756 praefectum
460 1677 554 1736 fuisse
579 1698 634 1757 per
652 1680 836 1736 Orientem
855 1677 1040 1736 Theodosio.
1085 1695 1161 1733 coss.
1177 1675 1309 1730 Honorio
1321 1675 1362 1734 N.

253 1763 290 1821 P.
310 1775 340 1821 et
356 1762 471 1820 Evodio
487 1773 531 1822 est
546 1765 568 1821 l.
585 1764 605 1826 5
628 1783 654 1822 o.
668 1761 731 1822 Th.
753 1762 792 1821 de
813 1774 941 1822 sentent.
959 1782 1000 1821 ex
1013 1761 1146 1842 periculo
1161 1761 1244 1817 recit.
1263 1761 1362 1836 impp.

253 1849 405 1909 Valentin.
419 1846 573 1908 Theodos.
591 1859 621 1908 et
635 1848 764 1907 Aroedio
780 1847 819 1906 ad
837 1851 1008 1908 Timasium
1019 1849 1121 1908 comit.
1133 1856 1163 1903 et
1175 1861 1257 1922 mag.
1273 1846 1363 1926 equi-

254 1944 339 2009 tnm,
361 1931 393 1991 lr.
409 1954 435 1991 e.
451 1952 529 1992 euno
545 1932 615 1992 Chr.
632 1937 704 1997 886.
749 1935 920 1992 Reiness'ns.

268 2035 277 2050 ‘
341 2017 383 2075 ib.
400 2039 431 2075 v·
448 2023 500 2081 20.
544 2019 606 2077 vid.
622 2020 818 2082 Sozomen.8
842 2023 874 2081 7.
917 2019 1028 2090 Ruter.

340 2123 371 2181 p-
384 2103 446 2165 257
462 2122 491 2160 ν.
507 2108 558 2166 12.
602 2102 683 2161 hunc
699 2105 802 2162 locum
816 2105 896 2162 male
909 2113 996 2182 urget
1010 2099 1172 2160 (lutherius
1186 2097 1223 2158 de
1237 2093 1288 2156 off.
1304 2093 1365 2156 do-

256 2203 325 2246 mus
336 2190 415 2264 Aug.
432 2186 486 2244 lib.
501 2187 517 2248 1
535 2207 561 2246 c.
575 2191 616 2252 27
634 2208 664 2265 p.
679 2208 722 2246 m.
740 2189 810 2262 137,
833 2188 953 2270 qnando
970 2189 1204 2246 consultationes
1218 2183 1255 2241 ab
1268 2185 1365 2242 Arca-

255 2270 308 2416 ldio
326 2291 444 2415 erepsips
458 2283 561 2351 putat,
581 2271 653 2332 ideo
667 2274 814 2333 refutatus
832 2273 999 2334 aGothofr.
1020 2271 1060 2333 ad
1078 2275 1125 2332 tit.
1147 2269 1185 2330 de
1208 2271 1365 2329 relationi·

277 2377 324 2417 ιιι.
427 2369 481 2414 ter.

342 2462 373 2522 Ρ.
388 2443 449 2506 258
463 2463 492 2500 ι’.
510 2445 559 2505 10.
603 2440 774 2503 dissensum
787 2446 866 2505 inter
880 2445 1116 2523 Hieronymum,
1147 2442 1200 2522 qui
1216 2458 1277 2498 110„
1293 2439 1365 2498 oui
1483 2433 1484 2462 t

258 2524 316 2586 sed
328 2531 423 2586 Assae
440 2529 610 2586 Timasium
631 2533 664 2588 in
683 2532 777 2590 exilio
796 2531 890 2590 fuisse
906 2531 1025 2605 scribit,
1056 2540 1085 2588 et
1098 2531 1255 2586 Zosimum
1269 2525 1365 2584 Sozo-

257 2631 459 2694 menumqne,
481 2612 538 2672 hac
550 2615 657 2673 tollere
670 2619 916 2696 interpretatione
931 2617 1145 2674 Tillernontius
1160 2613 1200 2692 (t.
1216 2613 1235 2674 5
1253 2629 1283 2690 p-
1301 2609 1365 2674 778

256 2705 322 2758 not.
337 2698 372 2776 7)
392 2709 531 2773 conetur,
554 2709 587 2758 ut
600 2706 732 2779 primum
746 2705 841 2761 Assae
858 2703 946 2760 illurn
961 2702 1084 2760 exulem
1097 2698 1231 2778 degisse,
1262 2706 1291 2754 et
1306 2715 1366 2773 pc-

258 2795 324 2845 stea
346 2785 433 2843 exilii
459 2783 531 2843 sede
556 2797 671 2844 mutate
691 2789 783 2846 Oasin
807 2785 996 2864 deportatum
1017 2787 1111 2844 fuisse
1140 2791 1262 2842 statuat.
1305 2781 1366 2838 suit

249 2865 363 2943 ’Ὄασις
377 2869 533 2945 (Advolat
544 2869 626 2950 apud
639 2870 768 2952 Arabus)
787 2869 912 2952 duplex,
934 2875 1031 2930 maior
1044 2882 1074 2930 et
1088 2871 1198 2930 minor.
1228 2862 1290 2924 vid.
1307 2866 1363 2924 cel.
1386 2933 1390 2938 Ι

258 2955 425 3013 Mielmels's
443 2955 483 3013 ed
496 2955 666 3016 Abulfedae
687 2955 782 3016 deser.
799 2959 932 3037 Aegypti
948 2957 998 3036 (p.
1014 2959 1055 3019 21
1066 2987 1104 3000 -
1114 2955 1192 3034 88),
1213 2951 1266 3011 ubl
1279 2963 1365 3010 Veie-

258 3059 329 3097 rum
348 3042 527 3118 scriptorum
543 3038 582 3099 de
597 3044 667 3101 Oasi
678 3043 869 3123 loquentimn
883 3045 957 3101 locis
972 3043 1105 3100 collectis
1121 3038 1193 3098 addi
1205 3046 1302 3118 potest
1315 3036 1364 3095 lo-

258 3143 313 3182 cus
329 3125 537 3204 olympiodori
559 3125 629 3206 (ap.
643 3125 788 3187 Photium
812 3127 878 3186 cod.
896 3127 968 3205 80),
996 3128 1048 3208 qui
1062 3123 1215 3184 laudando
1234 3123 1363 3200 regionis

258 3215 473 3268 amoenitatem
494 3230 529 3268 ec
549 3211 738 3272 fertilitatem
754 3213 846 3292 longe
867 3211 1018 3272 diversam
1040 3231 1074 3270 ac
1093 3213 1233 3270 Zosimus
1252 3207 1366 3266 descri-

260 3298 397 3374 ptionem
410 3297 475 3354 eius
492 3293 586 3355 dedit.
628 3297 737 3358 Photic
761 3309 862 3356 autern
884 3309 960 3358 teste
980 3297 1077 3356 multa
1091 3291 1229 3374 fabulosa
1246 3291 1283 3351 de
1295 3293 1364 3352 Oasi

262 3379 496 3458 Olyrnpicdorus
517 3385 645 3459 scripsit.
681 3383 722 3442 ed
742 3381 824 3442 hunc
845 3385 946 3442 locum
963 3383 1099 3441 Ritterus
1113 3380 1217 3439 laudat
1233 3381 1255 3437 l.
1270 3399 1322 3436 un.
1338 3398 1364 3436 c.

261 3463 324 3522 Th.
342 3463 379 3521 de
392 3466 453 3522 Nili
464 3484 567 3543 agger.
585 3477 614 3524 et
626 3469 669 3526 ibi
684 3467 823 3527 Gothosr.
842 3479 871 3527 et
888 3467 1002 3527 indicat
1017 3470 1171 3527 Cuiacium
1192 3463 1229 3524 de
1248 3465 1365 3544 relega-

261 3551 343 3608 tione
364 3551 396 3605 in
410 3551 511 3608 Oasim
526 3561 557 3607 et
570 3551 707 3631 Gypsurn
721 3553 961 3612 observationem
974 3555 1158 3632 singularem
1172 3541 1305 3609 habere.‘
1320 3549 1362 3607 R.

262 3633 303 3692 ed
322 3634 418 3692 Oasin
430 3633 621 3695 offenderunt
636 3641 694 3696 viri
707 3637 803 3714 docti,
826 3641 858 3696 in
873 3637 922 3698 his
937 3641 1095 3697 Reinesins
1109 3636 1189 3718 apud
1202 3635 1311 3695 Cellar.
1328 3629 1368 3692 ad

261 3717 296 3777 h.
315 3720 337 3778 l.
359 3716 442 3800 quod
463 3723 495 3777 in
512 3724 696 3803 Hieronymo
717 3724 818 3782 Assae
834 3735 970 3802 corrupte
987 3724 1162 3802 legebatur3
1186 3719 1242 3780 sed
1256 3740 1285 3777 v.
1301 3721 1369 3778 loca

262 3803 367 3865 laudd.
386 3807 418 3863 in
437 3807 617 3886 Prosopogr.
639 3829 666 3866 c.
681 3805 743 3868 Th.
763 3819 794 3867 et
812 3829 830 3866 a
845 3811 959 3868 liittero
981 3808 1020 3866 ad
1039 3807 1145 3867 Guthr.
1169 3817 1191 3865 t.
1209 3809 1228 3869 6
1246 3826 1277 3884 p·
1298 3807 1368 3868 186.

263 3910 351 3972 porro
366 3891 537 3950 Timasium
552 3914 593 3952 ex
608 3895 701 3954 exilio
716 3903 891 3953 revocatum
906 3899 1102 3968 somniarunt,
1123 3893 1189 3951 loco
1206 3889 1319 3950 Suidae
1335 3893 1370 3947 in

268 3970 414 4080 Tspu'croe
433 3979 514 4036 male
529 3990 663 4060 eccepto,
685 3983 739 4064 qui
753 3977 792 4040 de
805 3989 950 4062 tempore,
972 3999 1032 4062 quo
1047 3983 1081 4040 in
1095 3979 1197 4040 aulam
1210 3978 1370 4038 arcessitus

264 4070 325 4136 m,
348 4071 426 4204 5128.st
437 4064 617 4211 filma„
630 4161 727 4212 morte
740 4153 780 4212 cf.
795 4153 916 4213 Sozom.
931 4155 951 4216 8
972 4155 1004 4215 7.

349 4249 381 4308 Ρ.
397 4231 461 4295 259
474 4253 503 4291 v-
523 4240 573 4300 11.
617 4236 655 4296 de
668 4241 814 4318 Eutropio
829 4240 954 4318 eiusque
967 4234 1158 4317 improbitate
1168 4233 1254 4294 locus
1268 4241 1314 4292 est
1329 4247 1372 4290 ex

264 4313 376 4373 leenae
394 4315 585 4382 Antiocheno
600 4323 634 4382 in
651 4325 730 4384 lixo.
751 4325 852 4386 Voles.
867 4343 900 4406 p·
915 4319 988 4389 848.
1030 4321 1140 4380 nater.
