3025 4892
484 301 948 386 ωαωωωα
1214 308 1263 380 ω

168 468 348 554 ἀγανακτῶν
362 469 416 535 καλ
431 469 479 536 inl
493 480 562 548 ταῖς-
573 469 709 550 ἀπειλαῖς
726 470 833 551 δεδιολς
846 481 955 561 καιροῦ
969 477 1113 554 δοθέντος
1124 475 1263 564 ὑπεξάγει

168 578 224 656 τῆς
238 571 358 649 πόλεως
373 570 494 638 ἔαυτόν·
527 574 658 658 έντοχολν
679 577 713 640 δέ
733 585 797 653 τοῖς
813 577 871 642 ἀπὸ
888 586 944 644 τοῦ
960 582 1164 666 στρατοπέδου
1170 630 1181 661 ,
1210 586 1261 648 καλ

169 673 228 740 ὅσα
243 677 379 760 πέπραχέ
401 701 433 741 τε
455 677 507 740 καλ
525 675 621 744 itone
636 679 713 762 πρὸς
728 677 855 757 τούτους
869 679 1019 769 έκφήνας,
1044 684 1189 762 ἐπέδειξεν
1206 678 1261 750 uxi-

168 801 227 842 σαν
242 780 273 842 ἓν
290 785 335 866 τῷ
350 780 438 861 τείχει
453 783 569 865 θυρίδα
586 780 630 846 δι’
649 773 688 864 ής
701 780 803 848 εἰώθει
818 782 941 862 Λύδιος
957 799 1156 852 κατασκοπεῖν
1173 789 1211 852 τά
1228 791 1260 854 δν

142 887 213 967 ispi
226 883 420 969 στρατοπέδῳ
435 880 593 968 γινόμενα,
620 883 735 968 ταάτης
748 911 780 951 τε
796 885 1006 972 προκόπτοντα
1022 889 1099 954 κατά
1117 890 1151 954 τδ
1167 889 1260 975 σόνη-

166 981 404 1067 θεςῦπισχνεῖτο
421 984 560 1062 τοξεόειν.
610 986 834 1071 ἀποδεξαμένου
857 992 890 1056 δέ
912 992 1004 1056 αδτδν
1025 995 1072 1057 inl
1092 991 1188 1080 τούτῳ
1205 1001 1260 1060 τοῦ

164 1093 221 1170 τῆς
244 1091 403 1172 στρατείας
423 1086 606 1174 ἡγουμένου,
635 1090 751 1174 στήσας
769 1091 926 1177 μηχανήν,
958 1093 1205 1182 προστησάμενός
1225 1121 1258 1162 τε

166 1190 238 1265 τοδς
260 1190 352 1254 αάτδν
372 1190 619 1276 ἀποκρύπτοντας
641 1190 683 1270 ὡς
699 1192 737 1257 ἀν
751 1195 796 1276 μὴ
812 1197 896 1282 παρὰ
913 1204 973 1262 τῶν
988 1200 1129 1264 ε’ναντίων
1149 1197 1259 1286 ὁρῷτο,

166 1290 377 1376 προκόπτοντα
392 1301 447 1377 τῆς
461 1295 537 1377 ὀπῆς
552 1294 736 1362 τδνΛόδιον
749 1297 941 1382 θεασάμενος
951 1303 1001 1364 καὶ
1018 1301 1051 1366 τὸ
1065 1304 1155 1383 βέλος
1170 1303 1258 1390 ἀρελς

123 1394 286 1477 1οπλήττει
303 1399 432 1482 καιρίαν.
465 1395 482 1462 ὁ
500 1399 534 1462 δέ
547 1397 666 1487 πράξας
681 1404 731 1466 καὶ
747 1402 825 1482 μετά
844 1403 899 1486 τὴν
915 1405 1032 1488 πληγήν
1047 1405 1089 1482 είς
1102 1431 1184 1482 τινας
1197 1413 1258 1470 τῶν

165 1496 316 1562 συνόντων
330 1499 414 1586 αὐτῷ
437 1500 476 1564 τὰ
498 1499 664 1583 ἀνήκεστα,
696 1505 748 1567 καλ
766 1515 828 1580 τοῖς
843 1508 1043 1588 λελειμμένοις
1060 1507 1168 1592 όρκους
1181 1510 1257 1574 inn-

163 1601 264 1686 γαγαλν
278 1605 345 1688 περὶ
362 1609 417 1666 τοῦ
432 1603 477 1686 μὴ
493 1607 630 1668 ένδοάναι
644 1611 683 1691 τῇ
696 1611 854 1698 πολιορκίᾳ
868 1607 1031 1687 καθάπαξ,
1055 1609 1143 1692 μόλις
1162 1611 1256 1687 ι’ξέλι-

162 1729 226 1769 πεν.
279 1705 308 1769 ui
333 1705 366 1770 δέ
389 1706 468 1772 κατὰ
489 1707 545 1790 τὴν
566 1705 653 1772 πόλιν
677 1705 732 1772 οάκ
754 1707 920 1794 ἐνεγκόντες
940 1711 982 1776 έτι
1007 1711 1062 1794 τήν
1080 1716 1256 1798 πολιορκίαν

162 1809 303 1883 έξέδοσαν
318 1805 445 1885 ἑαυτοὺς
459 1817 503 1900 τῷ
517 1811 721 1901 στρατοπέδῳ,
742 1815 793 1877 καλ
810 1812 908 1902 τοότιρ
926 1821 969 1904 τῷ
985 1813 1087 1904 τρόπῳ
1102 1815 1135 1880 νδ
1150 1821 1257 1902 ληστι-

9 1894 13 1902 ’
121 1909 215 1975 liscio
231 1911 317 1988 τέλος
331 1913 463 1989 ἐδέξατο.

263 2016 324 2083 71.
377 2021 442 2098 Τῆς
467 2015 501 2080 δέ
514 1997 594 2080 κατά
613 2016 758 2100 Θηβαίδα
772 2021 988 2100 Πτολεμαίδος
1005 2015 1181 2102 ἀποστάσης
1194 2023 1256 2100 βα-

162 2117 285 2194 σιλέως,
310 2114 441 2199 πόλεμον
463 2119 497 2183 δέ
517 2117 726 2206 προκόπτοντα
750 2123 799 2208 lxxi
817 2119 930 2206 χρόνον
950 2121 1071 2208 βραχὺν
1091 2122 1254 2206 ἀραμένης,

161 2217 257 2302 αάτήν
276 2245 308 2284 τε
332 2223 384 2285 καλ
400 2221 471 2298 τοδς
488 2221 748 2307 συμμαχήσαντας
763 2224 841 2311 αὐτῇ
856 2223 1022 2308 Βλεμμόας
1041 2222 1252 2311 παρεστήσατο

159 2321 288 2409 Πρόβος
303 2323 356 2388 διδ
368 2330 428 2390 τῶν
443 2322 510 2390 τότε
528 2324 808 2412 στρατηγησάντων.
860 2327 1044 2415 Βοστάρνας
1059 2329 1093 2392 δέ
1097 2375 1107 2406 ,
1134 2332 1254 2394 Σκυθι-

116 2425 215 2492 mlx
229 2426 328 2504 ἔθνος,
352 2423 558 2505 ὑποπεσόντας
571 2429 655 2517 crispi
669 2431 851 2516 προσέμενος
863 2430 1010 2519 κατῴκισε
1029 2431 1174 2522 Θρηικίοις
1187 2456 1253 2514 χω-

160 2529 253 2614 ρίοις·
285 2533 336 2594 καὶ
363 2532 530 2596 διετέλεσαν
559 2542 624 2610 τοῖς
648 2529 805 2616 Ῥωμαίων
830 2533 1017 2616 βεστεόοντες
1036 2533 1149 2616 νόμοις.
1201 2535 1252 2598 καλ

162 2631 313 2720 Φράγιιων
328 2639 372 2721 τῷ
380 2640 504 2716 βασιλεῖ
516 2633 751 2720 προσελθόντων
764 2640 815 2701 καλ
831 2635 984 2719 τυχόντων
999 2635 1143 2720 οἰκήσεως
1157 2634 1252 2723 μοῖρά

157 2737 398 2817 τις-ἀποστᾶσα,
438 2738 551 2802 πλοίων
574 2735 789 2825 εὐπορήσασα,
820 2738 877 2823 τήν
893 2735 1028 2805 Ἑλλάδα
1054 2738 1252 2828 συνετάραξεν

226 2881 244 2935 9
261 2876 355 2949 ἀφιελς
369 2880 438 2936 libri.
525 2882 558 2937 18
575 2877 625 2950 lu]
642 2875 689 2934 lul
704 2880 759 2934 LP.

156 3007 210 3052 turn
222 2999 295 3053 minis
306 3000 428 3069 territus,
452 3001 540 3054 obluta
556 3015 617 3052 usus
632 2998 768 3052 occasione
784 3003 865 3052 seruet
881 3015 913 3053 ex
927 2997 1019 3068 ορρίδο
1030 2999 1158 3053 subducit.
1192 3017 1250 3054 curu

156 3071 279 3152 quosdam
290 3069 315 3121 in
327 3071 417 3124 milites
429 3087 444 3120 e
456 3070 545 3122 cestris
555 3067 693 3130 incidisset,
705 3078 734 3120 et
742 3067 865 3138 quicquid
876 3069 973 3136 egisset
984 3086 1015 3120 uc
1026 3086 1071 3138 per
1091 3086 1161 3120 εοεαε
1172 3077 1250 3138 erret,

155 3138 189 3190 ius
201 3138 369 3206 exposuisset,
388 3139 511 3207 quendem
522 3139 548 3190 in
559 3153 631 3190 muro
642 3137 779 3190 fenestram
791 3138 911 3201 ostendit,
924 3153 1055 3207 perquem
1068 3088 1164 3206 lindius
1175 3139 1250 3207 quic-

156 3207 216 3277 quid
228 3207 355 3259 incastris
364 3216 500 3276 gereretur
511 3207 637 3276 speculari
647 3215 826 3260 consueverat.
861 3220 909 3276 per
925 3223 980 3258 erun
999 3224 1069 3259 mure
1081 3223 1127 3259 suo
1139 3225 1249 3276 prospe·

155 3284 265 3328 etentern
277 3276 329 3329 telo
339 3294 369 3330 se
379 3276 518 3346 petiturum
529 3275 669 3346 pollicetur.
705 3277 738 3328 ob
756 3276 821 3328 hune
834 3292 933 3328 censum
945 3291 1001 3328 euni
1013 3275 1065 3329 ‹lnx
1077 3277 1130 3329 eins
1142 3275 1250 3344 expedi-

155 3344 231 3397 tionis
244 3344 366 3398 hominen
378 3346 410 3398 ed
422 3361 451 3398 se
462 3345 614 3414 recepisset,
632 3344 772 3397 constitute
784 3344 911 3410 riechina,
929 3345 1105 3414 nonnullisque
1116 3343 1247 3397 collocetis

155 3420 216 3466 ente
226 3430 313 3483 seper
323 3431 388 3534 pune
398 3415 586 3479 occultaretur,
603 3431 635 3466 ne
650 3418 684 3466 ub
699 3413 815 3466 hostibus
828 3411 940 3483 conspici
969 3423 1054 3474 osset,
1079 3413 1186 3478 Lydium
1200 3429 1248 3482 per

155 3481 325 3535 lonmenllln
355 3493 559 3553 prospectuntens
570 3483 692 3550 intuitus,
717 3483 809 3535 emisso
827 3483 893 3547 telo,
916 3501 931 3533 x
960 3501 1021 3536 nere
1040 3483 1110 3534 letuli
1128 3483 1247 3552 percutit.

153 3551 196 3602 ille
207 3568 263 3603 εειιο
274 3551 350 3604 etiarn
362 3560 423 3621 post
434 3561 565 3622 occeptum
576 3551 669 3605 uulnus
679 3551 704 3602 in
716 3553 840 3620 quosdam
852 3567 885 3604 ex
896 3551 948 3603 suis
959 3549 1095 3603 crudeliter
1106 3551 1248 3604 duuevlis-

154 3628 210 3684 set,
237 3636 267 3671 uc
283 3620 444 3672 iureiurando
460 3621 611 3691 superstites
630 3619 810 3675 obstrinxisset
821 3619 943 3672 obsidionl
957 3620 1026 3671 nouo
1036 3619 1110 3672 ruodo
1121 3637 1246 3688 cessuros,

153 3688 199 3740 vix
219 3689 319 3740 tundens
338 3691 485 3760 exspiravit.
521 3689 565 3758 qui
583 3697 658 3742 erunt
676 3688 701 3741 ln
721 3687 831 3758 oppidu,
855 3705 906 3742 nnn
928 3689 1040 3740 serentes
1056 3705 1094 3740 um
1114 3690 1160 3740 lius
1178 3689 1262 3741 obri·

152 3755 265 3879 Ιιιδιοριειρ,
291 3759 414 3811 exercitui
424 3775 454 3811 se
463 3757 622 3811 dediderunt.
657 3765 736 3826 utque
751 3761 818 3810 hune
834 3757 911 3810 finem
930 3757 1057 3810 latronum
1076 3707 1139 3810 illud
1157 3774 1248 3826 agnen

203 3841 228 3877 un

221 3897 264 3949 71.
300 3893 364 3947 (λοστ
374 3897 458 3947 eutem
469 3899 495 3949 et
504 3893 642 3948 Ptolenuis
651 3893 819 3948 ‘xn'l'lsebuide
829 3893 880 3946 situ
890 3893 1026 3948 deiecisset
1037 3893 1070 3943 eb
1080 3893 1246 3961 imperatore,

151 3961 296 4032 bellumque
307 3964 471 4032 perexiguum
483 3965 516 4016 erl
528 3974 628 4084 tempus
637 3963 734 4016 (lurum
743 3962 905 4033 suscepisset.
919 3970 971 4016 turn
982 3963 1063 4031 ipsurn
1075 3975 1149 4028 quern
1161 3961 1245 4012 socius

150 4031 211 4084 belli
223 4033 368 4099 Blemmyes
375 4033 474 4086 Probus
486 4049 564 4102 opero
592 4050 666 4086 ocum
676 4041 777 4084 suururu
789 4031 821 4084 ud
833 4031 986 4084 deditionem
998 4029 1123 4096 compulit
1140 4029 1245 4082 [lestut-

151 4117 207 4184 τιατ2
224 4110 326 4170 gentem
337 4101 494 4170 Scythicum,
510 4119 578 4171 quse
587 4102 623 4154 llli
634 4119 664 4154 se
673 4099 791 4170 subiecit,
808 4099 944 4152 sdrulttens
955 4099 980 4150 in
992 4095 1105 4150 Threcia
1119 4099 1256 4156 conscensis,

152 4185 221 4236 ugus
232 4169 374 4224 collocavit
409 4171 436 4222 lsi
446 4171 567 4238 deinceps
577 4171 713 4224 secundum
723 4169 794 4238 leges
806 4177 833 4221 et
843 4169 958 4221 institute
971 4167 1138 4220 Romanorum
1151 4184 1244 4236 perpe·

150 4245 196 4290 tus
208 4237 335 4293 vixerunt.
351 4239 438 4292 itidem
452 4254 508 4292 cum
522 4239 615 4292 Frunci
625 4239 659 4292 ed
669 4238 703 4292 iun
769 4247 849 4292 turem
860 4237 1029 4290 accessissent
1039 4241 1067 4287 et
1077 4237 1109 4287 eb
1124 4253 1155 4288 eo
1166 4237 1242 4289 sedes

149 4305 331 4376 obtirnnissent,
353 4324 416 4380 pers
428 4325 515 4364 eorum
528 4308 653 4378 quaedem
663 4255 830 4362 δοάἀάἀοεαε
841 4306 943 4377 nolite,
965 4321 1131 4376 unguemque
1141 4305 1243 4360 nuvium
