3025 4892
395 215 411 252 b

521 291 600 356 LlB.
627 291 647 355 5
674 291 759 357 cslt
789 295 838 358 18.
867 295 919 359 19.
977 297 991 316 ⁸
1198 292 1270 362 271

165 467 270 542 λιανὸς
286 461 304 529 i
320 463 377 550 τὴν
392 462 510 530 ὕπατον
524 459 602 548 ἔχων
622 462 657 528 ἐν
674 463 777 554 ἐκείνῳ
790 463 837 552 τῷ
852 459 909 530 ἐτει
926 459 1083 549 circipani
1101 468 1270 550 Euros-psi·
1328 447 1331 459 λ

164 595 217 648 νος
232 570 455 654 ἐναριθμηθελς
469 567 529 651 ἤδη
544 578 609 644 τοῖς
629 564 759 645 ὑπάτοις
776 571 828 634 καί
846 567 988 653 Ἰωάννης
1003 571 1051 633 ἐπὶ
1066 565 1185 646 τούτοις
1191 617 1200 648 ,
1233 568 1269 634 τά

157 671 327 759 άπόρρηια
346 670 446 736 πάντα
464 670 551 757 παρά
566 677 622 737 τοῦ
634 672 788 754 βασιλίαις
802 673 1031 760 τεθαρρημίνος
1039 719 1049 752 ,
1075 669 1110 738 δν
1122 671 1223 758 ἐλεγον
1239 672 1269 738 οδ

165 780 273 841 πολλοὶ
287 778 338 840 καὶ
354 781 410 840 τοῦ
420 776 583 860 Ἀρκαδίαν
602 775 714 852 παιδδς
729 773 804 841 εἶναι
823 777 949 862 πατίρα.
1002 771 1019 840 ὃ
1034 777 1090 859 μέν
1106 768 1161 842 cels
1174 783 1268 860 βασι-

138 881 236 956 ὀλοάς
249 883 298 944 καὶ
315 876 429 963 ταύτην
441 879 538 971 adseri
549 877 605 962 τὴν
616 879 797 966 τυραννικὴν
811 879 930 964 αίτησιν
945 877 1132 968 άπειτλήρου,
1153 883 1183 943 Γ
1180 885 1267 965 αΐνης

166 985 200 1048 δέ
215 983 287 1060 τοδς
301 981 416 1068 άνδρας
439 980 646 1069 παραλαβών,
681 983 788 1048 καὶτὸ
812 986 901 1072 ξίφος
923 984 1027 1060 αὐτοῖς
1050 979 1121 1070 άχρι
1144 991 1266 1068 ψαῦσαι

164 1085 259 1170 μόνον
280 1092 336 1151 τοῦ
355 1083 501 1168 σώματος
514 1088 647 1166 ἐπιθείς,
672 1085 810 1174 ἢρνίσθη
826 1085 952 1164 τούτους
968 1090 1160 1172 ζημιωθῆναι
1173 1093 1268 1176 φυγῇ.

163 1194 347 1278 περαιωθεὶς
364 1191 398 1254 δέ
414 1191 463 1254 ἐπὶ
481 1189 537 1273 τὴν
555 1189 697 1281 Θρᾴκην,
726 1189 941 1276 ἀκολουθῆσαί
963 1189 992 1258 οἶ
1007 1194 1194 1278 Τριβιγίλδρι
1216 1218 1267 1254 κε-

164 1292 286 1372 λεάσας,
312 1290 437 1358 dindime
451 1293 508 1377 τὴν
518 1295 622 1361 Ἀσίαν
638 1293 869 1362 άναπνεάσασάν
881 1320 946 1372 πως
963 1297 1013 1360 καλ
1029 1303 1091 1360 τών
1105 1293 1268 1381 περιστάν·

120 1412 225 1466 1οτιον
242 1397 468 1482 ἀπαλλαγεῖσαν
484 1396 640 1464 κινδάνοιν.
692 1399 725 1463 ἐν
745 1399 779 1464 δέ
801 1406 841 1486 τῇ
859 1397 1177 1465 Κωνσταντινουπάλει
1197 1401 1267 1464 δια-

163 1504 278 1588 τρίβων
290 1501 363 1577 τοδς
377 1501 433 1584 μὲν
448 1497 503 1566 ὕπ’
519 1502 605 1589 αὐτῷ
624 1503 824 1586 τεταγμένους
838 1499 1027 1589 στρατιώτας
1043 1501 1155 1580 ἄλλους
1169 1503 1267 1568 άλλα-

160 1613 205 1692 χῇ
218 1607 392 1690 διίσπειρεν,
408 1602 484 1670 ώστε
498 1608 549 1670 καὶ
563 1606 666 1670 αάτών
677 1612 738 1671 τῶν
752 1608 785 1670 ἐν
801 1611 839 1692 τῇ
855 1608 934 1694 αὐλῇ
948 1604 1130 1694 δορυφόρων
1144 1613 1268 1690 γυμνώ-

163 1735 217 1774 σαι
242 1709 298 1790 τὴν
320 1706 425 1786 πάλιν,
465 1719 530 1786 τοῖς
554 1709 588 1774 δέ
609 1708 784 1797 βαρβάροις
809 1712 911 1775 ἐδίδου
934 1707 1041 1799 λάθρᾳ
1069 1707 1266 1793 συνθήματα,
1379 1719 1386 1736 ’

164 1817 352 1898 παρεγγυῶν,
371 1812 493 1876 ἐπειδὰν
506 1813 599 1877 ίδοιεν
613 1811 779 1890 ἐξελθόντα
794 1819 849 1896 τῆς
864 1810 988 1892 πόλεως,
1005 1813 1171 1878 ἐπιθίοθαι
1189 1813 1268 1900 αὐτῇ

122 1929 158 1984 ts
165 1922 356 2003 παραχρῆμα
374 1922 429 1998 τῆς
446 1915 507 1980 άπὸ
525 1923 587 1981 τών
602 1923 797 2003 στρατιωτῶν
815 1915 891 2003 οάσῃ
903 1919 1053 2000 βοηθείας
1067 1913 1188 2004 ἐρήμῳ,
1215 1919 1267 1980 καλ

162 2019 219 2103 τὴν
232 2027 336 2084 πᾶσαν
352 2016 545 2106 ἐπικράτειαν
559 2019 646 2109 αὐτῷ
660 2024 862 2108 παραδοῦναι.
913 2021 994 2106 (19)
1017 2025 1115 2085 ταῦτα
1129 2031 1194 2097 τοῖς
1207 2017 1264 2084 ὑπ’

163 2122 257 2189 αὐτὸν
273 2120 449 2207 ἐπισκήψας
461 2128 574 2210 πρᾶξαι
589 2123 763 2212 βαρβάροις
784 2122 862 2211 ἐξῄει
882 2131 938 2208 τῆς
957 2121 1093 2203 πόλεως,
1118 2127 1270 2207 μαλακῶς

162 2227 241 2310 ἐχειν
253 2226 346 2292 εἰπών
360 2227 445 2316 αὐτῷ
460 2228 495 2292 τδ
514 2234 606 2312 σῶμα
620 2239 685 2306 τοῖς
698 2232 731 2293 ἐν
746 2235 791 2316 τῷ
805 2229 928 2316 πολέμῳ
947 2225 1068 2306 πόνοις,
1095 2229 1220 2292 δεῖσθαί
1233 2252 1265 2292 τε

162 2327 336 2420 ῥᾳστώνης,
361 2321 399 2415 ἧς
419 2331 476 2396 οδκ
498 2330 537 2396 άν
558 2329 635 2418 τάχῃ
658 2334 703 2416 μὴ
723 2333 884 2420 παραδοδς
900 2329 1009 2396 ἐαυτὸν
1028 2332 1195 2419 φροντίδας
1210 2330 1267 2395 οὖν

119 2431 275 2518 epipedon
289 2437 443 2520 διατριβῇ.
492 2435 667 2500 καταλιπών
686 2428 742 2502 οὖν
764 2437 797 2500 ἐν
815 2443 854 2522 τῇ
868 2433 952 2500 πόλει
965 2432 1147 2523 βαρβάρους
1162 2441 1267 2523 πολλῷ

163 2543 208 2623 τῷ
230 2536 331 2622 με’τριρ
353 2536 406 2600 τὸν
426 2536 563 2623 δριθμδν
581 2535 804 2626 ὑπεραίροντας
818 2545 879 2604 τών
900 2541 948 2604 ἐπὶ
963 2544 1087 2626 φυλακῇ
1099 2545 1153 2622 τῆς
1171 2539 1266 2622 αὐλῆς

162 2639 366 2724 τεταγμίνιον,
400 2639 444 2717 είς
466 2665 496 2705 τι
515 2637 698 2727 προάστειον
718 2639 861 2728 ἀνεχώρει
879 2639 1107 2727 τεσσαράκοντα
1130 2645 1267 2720 σταδίοις

162 2749 218 2828 τῆς
230 2739 346 2819 πόλεως
360 2739 503 2822 διιστώς,
536 2741 671 2809 αὐτόθεν
694 2742 936 2832 προσδεχόμενος
956 2740 1179 2828 ἐπιθήσεσθαι,
1205 2751 1266 2812 τών

230 2957 274 3079 ἐξ
282 2954 492 3080 τερραράιιοντα
513 2957 571 3011 veri
592 2957 669 3013 fidem
690 2957 816 3014 excedere
839 2975 890 3013 nou
906 2956 1031 3012 iumento
1048 2957 1160 3011 iortuse
1176 2955 1267 3010 videa·

92 3246 96 3257 ·
162 3216 241 3269 letum
251 3215 374 3285 gerebat,
402 3219 430 3268 et
440 3216 595 3269 Saturninus
606 3214 763 3288 compleris,
787 3221 814 3270 et
826 3213 1119 3287 praeterhcsloannes‚
1138 3213 1178 3266 cul
1191 3213 1265 3282 prin-

163 3301 225 3354 ceps
244 3287 327 3338 csnuia
344 3301 391 3340 sua
409 3301 504 3338 upana
521 3285 667 3339 crediderat
685 3293 713 3340 et
728 3301 803 3356 quesn
822 3286 938 3356 plerique
955 3285 1123 3355 perhibebant
1139 3283 1193 3336 eius
1209 3281 1264 3351 filii,

163 3369 238 3422 quem
252 3355 376 3407 Arcadius
387 3356 507 3424 habebat,
524 3364 625 3426 petrem
636 3371 702 3408 esse.
737 3355 797 3408 huic
808 3371 911 3424 quoque
923 3356 1054 3423 postulatu
1065 3353 1192 3438 princeps,
1204 3353 1269 3404 licet

163 3423 316 3489 tyrannice,
341 3424 474 3476 satisfecit.
509 3441 619 3494 cumque
635 3425 706 3476 viros
721 3424 779 3478 illos
790 3425 891 3492 Gainss
902 3424 1045 3494 accepisset
1055 3439 1142 3492 eisque
1152 3421 1264 3490 gladium

164 3492 329 3557 admovisset,
346 3502 451 3545 eatenus
461 3500 545 3546 tannen
556 3502 585 3546 ut
596 3504 679 3547 eutem
690 3493 863 3546 tantummodo
875 3493 1027 3561 stringeret,
1046 3493 1107 3545 satis
1119 3491 1209 3544 habuit
1220 3507 1265 3544 eos

164 3561 239 3612 exilio
251 3563 383 3614 duntaxat
395 3579 490 3631 peenas
501 3563 582 3616 luere.
617 3579 673 3616 cusa
685 3563 859 3617 transiecisset
870 3563 895 3614 in
909 3561 1061 3631 Thracium,
1080 3563 1148 3613 iusso
1160 3579 1189 3612 se
1201 3561 1265 3612 sub·

162 3629 235 3697 sequi
246 3630 408 3699 Tribigildo,
430 3631 515 3684 Asiam
535 3631 640 3702 reliquit
658 3633 825 3702 respirantem
838 3631 924 3701 aliquo
942 3633 1016 3684 ισοδο
1028 3631 1197 3701 periculisque
1213 3630 1265 3681 cir-

164 3699 347 3753 cunstantibus
358 3699 498 3756 liberatam.
528 3702 603 3771 cpoli
615 3702 712 3768 degens
720 3703 875 3756 constitutos
886 3702 938 3753 suis
947 3700 995 3752 sub
1007 3701 1084 3768 signis
1096 3700 1188 3752 rnilites
1199 3701 1264 3751 alios

162 3769 212 3819 alio
225 3768 356 3838 dispersit,
381 3770 447 3822 adeo
464 3769 564 3838 quidem
574 3779 604 3823 ut
614 3771 675 3852 ipsis
686 3771 762 3823 etiam
774 3771 940 3841 praetorianis
951 3770 1104 3822 satellitibus
1116 3769 1203 3821 urbem
1216 3783 1264 3818 nu·

162 3836 246 3889 daret
282 3839 403 3891 barbaros
415 3855 480 3891 vero
498 3839 562 3891 clasn
575 3841 643 3892 datis
653 3841 734 3910 signis
744 3841 862 3893 hortatur
872 3847 902 3892 ut
911 3839 955 3892 ubl
966 3839 1058 3892 milites
1069 3853 1188 3907 egressos
1199 3837 1264 3888 urbe

160 3907 373 3976 conspexissent,
398 3909 533 3962 confestim
544 3926 599 3962 essa
610 3909 715 3962 militum
727 3927 777 3979 epe
788 3909 935 3963 destitutam
945 3908 1099 3960 invaderent
1110 3915 1137 3960 et
1148 3913 1264 3975 potesta-

161 3982 212 4028 ten
224 3977 367 4028 universam
378 3977 427 4030 sibi
439 3978 580 4030 traderent.
615 3979 691 4048 (19)
709 3980 775 4031 haec
793 3978 913 4032 snandsta
931 3979 964 4030 de
980 3978 1012 4030 iis
1028 3993 1094 4046 quac
1105 3976 1162 4028 lieri
1173 3973 1263 4040 vellet,

161 4059 218 4096 cuns
231 4046 348 4097 barbaris
360 4046 413 4097 suis
424 4046 545 4110 dedisset,
562 4065 595 4099 ex
606 4049 670 4100 urbe
681 4047 863 4119 proficiscitur,
880 4047 950 4117 quod
962 4063 994 4099 ex
1007 4045 1067 4098 belli
1078 4043 1207 4098 lebetibus
1217 4059 1263 4096 aa·

161 4131 235 4182 gruna
246 4115 293 4166 sibi
306 4129 400 4182 cerpus
411 4131 469 4167 esse
480 4115 580 4168 diceret
589 4132 621 4168 ac
631 4117 758 4187 requietis
768 4117 883 4186 indigere
894 4136 902 4180 ς
929 4132 979 4185 qua
991 4115 1042 4168 imi
1053 4130 1103 4167 uun
1115 4121 1218 4184 posset,
1237 4113 1262 4166 ni

161 4199 190 4234 se
200 4184 272 4236 ritae
289 4184 358 4235 curis
368 4183 469 4236 alutae
486 4185 641 4238 tradidisset.
659 4206 662 4214 ·
675 4192 834 4256 quapropter
845 4185 942 4238 relictis
953 4183 977 4237 in
989 4186 1054 4237 urbe
1064 4183 1196 4250 barbaris,
1219 4185 1268 4252 qul·

162 4250 265 4304 militen
275 4253 495 4322 praetorianorum
507 4269 637 4310 nnmerum
647 4255 724 4324 lenge
733 4255 899 4324 snpersbaat,
916 4253 1042 4325 quoddam
1053 4253 1079 4306 in
1090 4254 1262 4306 suburbanum

161 4321 276 4392 secedit,
293 4323 835 4396 quadragienstsdiisabarbersnstuss‚
857 4323 1008 4384 undeurbis
1015 4321 1267 4378 uternensem-o
