3025 4892
136 1149 222 1208 μιν
330 1082 425 1191 ΙΟ.
460 1080 665 1188 FRID.
700 1079 1247 1189 REITEMEIERI

236 1285 745 1400 DlSQUISITlO
827 1289 899 1376 IN
977 1284 1339 1380 ZOSIMUM

529 1483 810 1574 ususouo
847 1483 1053 1558 moun

686 1709 893 1728 ...μμ-...φ

93 1892 171 1984 9¹¹⁸?
193 1889 227 1944 de
242 1845 325 1954 Etsi
346 1886 485 1948 Zosimus
504 1906 565 1945 non
582 1897 644 1948 tem
661 1885 819 1949 adversam
832 1908 869 1947 ao
883 1882 1077 1971 quidemnlil
1092 1881 1249 1946 venstatis
1266 1883 1341 1946 sorl-

94 1959 224 2090 ἐκέκ.
244 2000 345 2070 ptores
367 1999 509 2067 expertus
529 1997 575 2048 est
593 1989 762 2068 fortunam,
784 2009 914 2073 quorum
926 2001 1045 2076 prester
1057 2008 1170 2052 nomen
1185 2008 1220 2050 uo
1233 1991 1343 2067 scripto

244 2089 323 2158 nihil
344 2089 427 2154 uliud
448 2087 488 2150 ud
508 2092 613 2152 estatis
628 2101 747 2155 nostrae
759 2096 937 2158 memoriam
951 2095 1103 2174 pervenit,
1125 2089 1208 2150 houd
1223 2090 1343 2152 meliori

245 2205 347 2256 temen
360 2190 399 2252 ed
412 2195 505 2252 ritem
519 2195 583 2252 eius
596 2194 834 2272 pernoscendum
846 2215 1001 2260 versemur
1011 2195 1079 2257 loco
1089 2212 1180 2275 quam
1192 2194 1219 2257 si
1233 2210 1345 2254 nornen

242 2299 310 2356 eius
325 2316 446 2377 prorsus
460 2295 534 2360 olim
548 2297 719 2374 ignoratum
734 2309 786 2357 eut
799 2318 818 2358 u
832 2299 916 2360 nullo
930 2309 1065 2360 veterum
1078 2307 1345 2358 eorumernorutum

244 2401 363 2464 fuisset.
407 2400 460 2480 qul
475 2389 556 2462 enirn
569 2399 762 2478 antiquorum
777 2398 815 2458 de
827 2402 948 2460 Zosimo
961 2401 1085 2484 eiusque
1098 2399 1184 2460 libris
1195 2397 1345 2459 notorior

246 2497 412 2575 disserunt,
434 2501 582 2578 Euagrius
597 2497 724 2565 Photius
738 2511 768 2560 et
779 2499 982 2582 Nioeplsorus,
1002 2503 1118 2580 nomini
1131 2503 1226 2582 ipsius
1233 2517 1347 2564 omnes

245 2603 349 2666 infesti
368 2605 615 2682 exagitantesque
636 2623 707 2662 eum
723 2613 757 2669 nt
778 2603 932 2668 addictum
949 2605 1161 2685 superstitiosis
1177 2603 1269 2662 seoris
1286 2599 1347 2662 ho·

245 2705 378 2780 minem,
399 2723 456 2764 neo
478 2691 641 2785 qrtioquem
664 2703 793 2771 efferum
810 2706 891 2790 quod
904 2706 943 2766 nd
955 2710 1049 2773 vitum
1064 2707 1178 2774 Zosimi
1190 2705 1347 2764 illustren-

248 2803 321 2870 dum
335 2827 370 2867 uo
383 2808 492 2887 scripte
508 2809 572 2867 eius
585 2809 693 2878 rectius
709 2806 900 2872 diiudicanda
914 2811 1056 2868 inservire
1069 2810 1174 2889 possit.
1217 2808 1250 2871 in
1263 2817 1347 2868 tento

248 2929 353 2968 eornm
375 2907 538 2989 oupiditete
559 2908 736 2974 traducendi
757 2921 788 2968 et
807 2907 981 2988 exagitandi
1000 2912 1156 2970 Zosimum
1175 2910 1203 2969 si
1221 2906 1295 2989 quid
1307 2910 1347 2966 iis

246 3011 425 3072 innotuisset
438 3031 497 3098 quo
510 3013 676 3092 potuissent
686 3013 802 3076 semein
812 3031 983 3094 nomenque
996 3013 1061 3070 eius
1074 3010 1252 3092 adspergere
1265 3006 1348 3087 opud

246 3121 384 3197 posteros
398 3133 432 3170 ao
446 3112 538 3174 fidem
553 3116 687 3191 elevare,
709 3135 771 3174 non
785 3117 931 3177 omissum
945 3111 979 3177 id
995 3113 1033 3174 uh
1048 3114 1178 3176 iuirniois
1192 3113 1256 3170 eius
1268 3111 1347 3174 iuis«

247 3226 304 3276 set.
348 3217 541 3281 menifestum
563 3218 665 3297 itaque
687 3226 733 3276 est
751 3225 1015 3279 monumentorum
1034 3216 1136 3294 inopis
1156 3209 1240 3271 houd
1259 3213 1348 3291 piore

247 3314 287 3375 de
307 3337 344 3376 eo
361 3312 501 3380 trudendi
517 3317 635 3396 eopiom
648 3317 742 3382 fuisse
759 3333 852 3396 quern
869 3334 947 3395 queo
965 3318 1112 3396 exipsius
1126 3317 1244 3396 seriptis
1258 3317 1348 3378 eolli-
1391 3369 1396 3372 .

248 3435 320 3496 gere
341 3426 371 3474 et
391 3418 564 3498 oonquirere
579 3419 694 3486 liceret.
738 3435 831 3498 quare
845 3438 915 3478 oum
927 3437 963 3477 es
975 3419 1063 3482 nobis
1076 3420 1116 3482 sit
1129 3419 1163 3482 in
1174 3420 1268 3482 vium
1282 3420 1347 3478 eius

248 3519 468 3600 inquirentibus
482 3517 635 3596 condicio,
657 3529 691 3579 ut
703 3520 796 3584 alieni
806 3519 933 3584 subsidii
947 3542 1001 3606 spe
1012 3522 1142 3584 abscissa
1153 3522 1348 3602 aequiesoen-

250 3619 324 3682 dum
337 3623 377 3682 sit
390 3623 424 3684 in
437 3623 475 3684 iis
491 3620 582 3683 modo
599 3623 688 3688 rebus
701 3641 780 3704 quae
793 3606 892 3684 studio
906 3643 942 3682 ao
954 3625 1082 3686 lectione
1096 3623 1216 3686 assidue
1227 3643 1269 3683 ex
1282 3624 1349 3684 eius

249 3719 376 3782 historlu
396 3726 513 3811 possint
530 3727 610 3802 erui,
632 3745 667 3790 eo
687 3726 853 3803 impensior
869 3729 901 3786 in
922 3727 961 3784 iis
983 3723 1138 3787 eliciendis
1161 3747 1232 3790 oure
1245 3735 1349 3786 nostre

250 3843 316 3884 esse
338 3822 441 3902 debet,
464 3839 576 3909 quantu
595 3831 692 3888 molor
705 3825 796 3890 huius
811 3829 987 3907 oognitinnis
1002 3848 1075 3889 usus
1089 3848 1155 3889 esse
1167 3839 1265 3910 potest
1279 3849 1350 3888 oum

250 3925 291 3986 ed
312 3929 462 4010 scripturn
482 3931 640 3992 eonsilium
654 3931 792 3993 sollerter
804 3929 1058 4006 sumundum,
1079 3941 1145 3992 tum
1157 3934 1349 4012 potissimum

251 4025 291 4087 ud
305 4026 397 4089 fidem
412 4032 476 4090 eius
491 4034 656 4097 snuuuus
670 4031 889 4114 explorandum
903 4053 938 4095 eo
951 4033 1185 4098 diiudicandum.
1199 4032 1233 4112 *)

320 4215 352 4284 ·)
379 4183 864 4276 nezouoorsaoruussuor.
877 4219 1024 4290 sepsos.
1049 4216 1262 4289 nasusmps
1275 4217 1349 4271 nm

250 4286 620 4357 ututooetpsotlu
