3025 4892
575 279 848 368 n1s0utsmo.
1142 302 1255 354 mvn

168 463 262 526 animi
283 465 407 528 alienati
425 473 525 528 carent
545 474 576 527 et
595 463 730 526 adirem
750 463 1255 544 mutndbertntnenrurtee

168 566 208 627 ad
218 567 337 628 ruinam
348 587 446 628 rerum
457 569 594 628 inclinari
605 587 669 628 rem
681 569 834 648 publicam
843 572 1058 632 existimarent.
1100 591 1192 652 quare
1204 581 1255 632 to-

166 679 233 732 tum
249 669 328 732 illud
346 669 611 752 reprehensionum
630 689 726 750 genua
743 669 891 746 concidit3
910 690 1010 754 neque
1029 670 1136 734 deletu
1151 683 1181 732 et
1195 692 1253 732 ex-

165 774 285 852 punctio
304 773 378 833 lcoia
396 776 435 834 iia
454 775 560 856 quibua
573 776 663 833 iatam
676 775 856 833 sententiam
869 772 1045 850 declaravit,
1066 777 1253 854 anperatitio·

164 875 230 952 nia,
251 877 410 956 aqualata
423 877 556 956 prolecta
569 887 670 953 erant,
692 875 789 934 ullum
798 877 959 954 remigium
970 875 1061 955 paulo
1074 880 1252 938 eminentiae
1277 897 1281 902 ·

164 975 387 1055 auperluturrnn
408 995 473 1038 earo
487 987 638 1059 putamur.
679 975 762 1057 quod
774 987 904 1038 attento
917 980 1015 1057 magia
1028 989 1157 1054 constet,
1178 999 1253 1058 oge-

164 1075 237 1136 dum
257 1075 450 1158 dispiciamus
469 1097 508 1138 an
528 1099 564 1138 eo
588 1077 823 1140 chramnum
841 1081 979 1140 animm
1001 1083 1142 1141 incenaoa
1161 1081 1252 1141 luerit

160 1175 249 1256 odio,
269 1189 376 1240 utnon
389 1179 480 1240 modo
492 1183 603 1242 ninriua
615 1183 648 1240 in
660 1179 831 1241 laudatione
845 1185 1008 1242 amicorum
1021 1192 1052 1242 et
1064 1181 1250 1243 adversario-

161 1271 235 1339 rum
246 1279 477 1360 reprehensione
494 1293 586 1360 esset,
606 1301 711 1342 verum
727 1301 848 1365 quoqne
863 1293 950 1344 ntea
967 1304 1045 1366 quae
1062 1285 1125 1343 auia
1140 1286 1250 1344 inferta

161 1389 192 1439 et
211 1380 311 1440 lamae
333 1403 438 1444 eorum
458 1384 597 1461 adversa,
618 1387 703 1448 utilit
726 1387 857 1446 inimicia
877 1397 990 1463 earam,
1011 1388 1130 1446 cilentio
1145 1389 1249 1466 oppri-

157 1493 269 1560 meret,
291 1493 322 1544 et
342 1483 425 1568 quod
445 1491 613 1546 nmmum
635 1490 746 1547 crimen
767 1497 828 1563 eat,
848 1488 992 1550 mutando
1010 1487 1118 1549 callide
1131 1499 1161 1548 et
1175 1488 1249 1547 anb-

157 1577 229 1642 dola
242 1601 291 1644 ree
306 1594 358 1644 aut
370 1586 509 1666 lingendo
523 1589 679 1651 mendacio
694 1602 725 1652 et
741 1601 909 1652 commenta
927 1590 1084 1669 scriberet,
1104 1592 1247 1670 graviaai·
1263 1605 1292 1660 ρ·
1310 1603 1391 1642 mu

157 1701 269 1768 meque
284 1683 360 1746 adeo
371 1688 465 1750 fidam
480 1701 633 1752 averteret.

241 1787 398 1862 Quomodo
416 1802 550 1852 versatus
564 1795 603 1854 ait
617 1805 668 1854 aut
683 1790 928 1874 reprehendendo
942 1803 995 1853 aut
1004 1790 1171 1869 laudando,
1194 1794 1248 1852 ubi

154 1889 223 1950 eiua
240 1891 285 1949 rei
299 1895 503 1971 opportunitas
517 1893 587 1954 data
602 1906 697 1973 emet,
717 1897 745 1956 ai
760 1894 942 1957 advertimua
954 1898 1104 1972 animum,
1123 1897 1156 1953 in
1175 1897 1247 1954 uui·

111 2007 117 2016 '
154 2009 277 2051 varrum
288 1990 411 2074 quidem
425 1995 628 2075 intelligemur
640 1998 812 2074 Zoaimmu,
833 1998 1077 2078 cripturamque
1090 1995 1245 2057 iudiciuin

153 2101 313 2174 utramque
331 2107 449 2174 partem
470 2098 631 2175 abstinent,
654 2098 693 2158 ad
712 2101 786 2159 vitia
806 2109 908 2158 tamen
926 2109 956 2158 et
972 2117 1064 2179 prave
1076 2099 1174 2176 iacta,
1193 2102 1245 2160 iu·

153 2195 259 2274 primia
271 2197 304 2255 in
316 2198 542 2278 imperatoribua
555 2199 741 2276 Christiania,
762 2198 935 2261 mactanda
946 2201 1154 2280 procliviorem
1167 2223 1244 2280 erae,

153 2315 246 2376 quam
268 2297 307 2358 ad
325 2303 449 2362 virtuter
470 2313 500 2362 et
517 2305 669 2383 praeclare
689 2303 770 2362 facta
789 2300 930 2360 leudibus
952 2302 1144 2378 celebranda3
1166 2324 1244 2385 quaa

151 2399 279 2478 quidem
293 2403 357 2462 eiua
373 2402 413 2463 ad
425 2406 615 2466 acerbitatem
628 2406 816 2485 propensitac
825 2421 888 2463 non
899 2405 996 2482 magio
1009 2404 1048 2462 ab
1057 2403 1172 2463 invidia
1185 2405 1244 2464 ali-

153 2519 214 2580 qua
226 2499 463 2566 christianorum
475 2527 566 2590 quam
582 2527 682 2566 rerum
695 2503 910 2565 narrandarum
929 2506 1081 2564 atrocitate
1099 2516 1130 2565 et
1143 2505 1244 2566 foedi-

151 2612 215 2662 tote
235 2607 387 2687 uniruique
405 2607 476 2668 iude
496 2618 643 2671 contracta
664 2609 783 2668 tristitia
803 2616 867 2666 orta
880 2604 1009 2666 ridetur.
1053 2607 1243 2669 conaturtioa

151 2707 234 2765 euim
255 2715 286 2766 et
305 2706 513 2786 Theodosium
542 2727 617 2792 quoe
636 2719 769 2770 annom
788 2709 900 2767 sciebat
918 2727 984 2768 eaae
998 2709 1146 2768 malcrum
1165 2729 1242 2791 quoa

150 2809 196 2866 rei
217 2809 357 2888 publicae
378 2829 434 2890 per
454 2813 581 2870 militiae
594 2831 629 2871 ao
641 2829 761 2871 morum
774 2811 955 2888 corruptelae
970 2812 1129 2888 importata
1146 2821 1241 2888 erant,

150 2911 270 2971 etiami
290 2909 477 2972 Christianae
495 2915 649 2992 religionis
667 2913 796 2972 cultores
810 2911 934 2991 eimque
949 2908 1158 2970 adaciecendaa
1173 2913 1241 2972 aliia

149 3021 285 3073 auctorat
299 3033 361 3074 non
374 3015 576 3091 exatitiaaent,
595 3026 696 3076 tamen
712 3017 743 3072 in
754 3032 860 3092 gravea
876 3011 1123 3092 reprehonaionee
1137 3014 1240 3072 incur·

147 3133 215 3174 rara
238 3113 397 3176 debebant.
439 3127 570 3177 attamen
590 3119 624 3176 iu
645 3117 734 3175 rebua
750 3116 938 3175 constantini
956 3111 1129 3175 enarrandia
1146 3117 1240 3174 nimia

147 3214 372 3278 monachorum
396 3238 467 3278 eum
490 3239 555 3279 eaaa
575 3217 754 3292 credimua‚‘
771 3219 910 3297 inprimis
935 3217 990 3276 ubi
1015 3220 1148 3297 perverti
1168 3237 1239 3276 eum

146 3320 242 3377 animi
256 3329 287 3378 et
299 3321 442 3381 malitiosi
460 3322 551 3400 paulo
570 3321 703 3400 asperius
725 3319 876 3399 inculpat3
897 3317 1061 3378 Amadimn
1078 3329 1179 3378 autem
1199 3319 1238 3378 cb

145 3419 341 3482 stoliditatem
351 3420 504 3502 indignior
516 3440 609 3504 qnam
621 3440 676 3500 par
689 3401 751 3480 erat
764 3421 921 3498 exagitari.
963 3441 1005 3480 ex
1017 3419 1134 3480 diverto
1144 3423 1239 3480 Iulia-

144 3541 221 3582 num
243 3534 317 3603 quot
336 3529 514 3606 quantisque
532 3519 700 3583 exornandi
717 3520 859 3582 laudibua
876 3523 915 3582 ob
935 3523 1088 3602 praeclara
1105 3523 1238 3582 facinora

144 3626 268 3684 Zoaimo
280 3627 365 3704 copia
376 3625 446 3685 data
457 3629 529 3701 luit,
550 3624 747 3685 nibilominus
759 3626 792 3682 iu
807 3625 913 3682 eximii
925 3635 977 3682 aut
987 3626 1109 3704 magni,
1130 3643 1239 3706 qnam-

139 3723 309 3786 admodum
327 3727 364 3785 ab
382 3729 448 3807 lpao
467 3725 672 3808 praedicatur,
692 3729 879 3806 imperatoria
893 3727 956 3785 vita
967 3723 1132 3785 enarranda
1147 3725 1239 3786 cxlii·

142 3827 210 3886 buit
222 3847 256 3887 ae
268 3839 298 3888 et
310 3830 342 3887 in
356 3827 507 3889 laudando
521 3828 691 3888 modestum
702 3839 732 3887 ot
742 3831 775 3886 in
788 3827 959 3887 iudicandia
973 3829 1153 3908 religionum
1165 3847 1239 3886 oau-

137 3930 186 3988 aie
199 3931 272 3990 aetia
285 3949 431 4012 acquum,
453 3933 480 3989 ei
491 3928 632 4011 quidem,
653 3940 863 4011 praeterquam
879 3927 963 4010 quod
977 3929 1075 3988 obiter
1088 3931 1152 3988 lere
1166 3949 1240 3987 aen·

139 4033 269 4091 tantiam
290 4033 356 4093 einr
379 4052 397 4092 a
418 4031 586 4094 ehmriano
610 4035 692 4092 cultu
715 4031 926 4092 abhorrentem
948 4041 1179 4107 commemorat,
1201 4049 1238 4090 ea

136 4153 220 4216 quae
245 4133 413 4196 revocanda
435 4153 519 4195 aacra
540 4137 689 4194 maiorum
705 4135 875 4193 insumeret
894 4151 956 4193 non
979 4129 1072 4192 modo
1092 4151 1154 4192 non
1167 4133 1238 4192 lau·

135 4236 241 4314 metr,
262 4235 318 4298 aad
332 4257 371 4296 ua
386 4238 569 4298 mentionem
584 4233 710 4319 quidam
725 4255 830 4296 eorum
842 4235 926 4294 iecit.
