3025 4892
267 295 290 368 4
679 294 954 365 nmmum

265 459 294 512 in
307 458 414 527 imperio
431 457 526 522 mine,
549 473 601 509 non
619 455 691 508 aalat
710 457 787 513 relus
805 455 914 524 afflicta
931 471 1078 509 (σαυππε
1092 437 1244 523 (st-to).
1279 454 1362 508 Clau·

266 531 339 594 diue,
361 527 470 592 fortiter
487 525 606 580 larlario
627 527 751 592 repulsio,
776 534 847 594 poete
865 531 997 578 maturam
1014 526 1069 578 alit
1086 531 1193 578 mortem
1208 524 1361 590 (41-46).

268 597 410 663 Quintillus
422 601 511 662 srater
526 596 580 648 eiua
593 602 682 661 eponte
694 595 751 646 uita
764 595 884 657 decernit,
910 595 983 646 ltaud
993 611 1083 660 parent
1096 611 1124 645 ee
1138 600 1215 645 ratur
1229 595 1290 660 (47)
1304 595 1362 643 Au-

265 668 375 722 reliano,
396 666 442 730 qui
454 671 480 716 al
492 665 610 716 barbarie
623 665 779 731 perdomitie
788 671 813 715 et
827 665 962 730 tyrannio.
979 663 1099 730 inprimit
1110 662 1239 724 Zenobia,
1262 662 1362 725 deletio,

263 753 316 786 rem
338 735 465 802 publicam
484 751 536 786 non
555 733 629 784 modo
648 734 764 784 eeroaoit
782 732 827 784 aed
841 733 968 784 institutio
980 748 1079 800 quoque
1091 730 1199 783 utilibus
1210 737 1277 783 reate
1292 731 1363 782 ordi·

263 805 339 854 auoit
354 803 504 868 (ns—62).
542 801 648 852 ‘l'aeituo
664 803 724 868 (63)
740 801 994 864 carminantem
1015 802 1093 852 breue
1111 807 1211 867 tempuo
1225 798 1363 867 imperium

266 879 362 924 tenent.
396 871 510 936 Probae,
535 870 643 940 dignior
665 877 690 923 et
713 871 753 923 rei
772 870 894 940 pullione
917 869 1008 935 utilio,
1035 869 1160 922 omnum
1183 869 1297 921 militari
1319 867 1361 919 in-

266 942 406 992 terimitur.
878 967 890 990 ο

334 1043 397 1092 iun.
420 1041 453 1092 11.
488 1038 619 1092 erdorum
636 1039 825 1107 caerularium,
856 1039 917 1108 pui,
948 1039 1007 1092 lieet
1028 1038 1205 1107 reipublicae
1228 1036 1362 1090 Romanae

265 1113 410 1174 salutares,
437 1127 455 1160 a
469 1107 626 1160 Diocletiani
638 1117 723 1161 tormen
734 1115 845 1177 tempore
856 1112 970 1175 neglecti
983 1116 1060 1173 eunt,
1076 1112 1152 1178 origo
1166 1115 1192 1159 et
1207 1103 1361 1158 celebratio-

264 1182 306 1230 niu
319 1181 394 1230 ratio.
428 1179 561 1229 oraculum
579 1179 611 1228 de
628 1178 664 1229 eiu
678 1181 710 1238 lo.
726 1178 831 1244 1-7).
867 1179 1028 1230 Diocletiano
1043 1185 1068 1229 et
1082 1172 1233 1229 Gonotaniio
1246 1176 1361 1243 impera-

265 1249 363 1300 roribus
380 1248 564 1300 (anelantinut
578 1263 594 1298 a
608 1247 713 1298 Galeria
727 1247 763 1298 ad
774 1255 874 1314 patrem
884 1249 977 1314 sugit,
1001 1253 1028 1297 el
1046 1264 1074 1298 eo
1086 1253 1186 1298 mortuo
1199 1245 1312 1296 eueeedit
1331 1245 1361 1296 in

265 1317 381 1384 imperio.
416 1334 466 1383 pua
482 1317 627 1368 Maxentius
647 1321 785 1368 aommatua
801 1315 898 1366 ilomae
918 1315 1080 1383 tyrannidem
1094 1321 1204 1383 oeeupat
1217 1313 1245 1380 (8
1269 1314 1316 1378 9),
1342 1329 1361 1364 a

265 1405 318 1454 qua
328 1402 409 1453 nequo
422 1387 530 1436 Seuerus
550 1387 645 1436 Cannar
656 1401 712 1435 rum
727 1384 805 1451 oopiin
821 1384 912 1435 minna
926 1401 1007 1452 neque
1018 1384 1074 1451 ipae
1088 1385 1209 1436 Galerio·
1223 1399 1280 1434 eum
1293 1379 1361 1434 deii-

265 1471 320 1504 cere
339 1461 450 1520 pareunt.
492 1453 549 1519 irie,
571 1453 670 1506 Licinio
686 1456 804 1522 Anigraia
823 1454 974 1517 declarato,
996 1453 1079 1522 graui
1094 1455 1180 1505 morlo
1198 1452 1282 1504 oitam
1295 1452 1362 1517 finit

265 1527 320 1592 (10.
341 1525 397 1587 11).
432 1521 581 1574 Maxentius
600 1521 697 1588 Lilpae
720 1524 868 1590 provinciae
894 1523 998 1591 copton
1014 1541 1060 1574 ouo
1078 1523 1224 1591 adiungere
1242 1521 1360 1588 imperio,

265 1595 458 1654 Alexandrum,
481 1592 527 1659 qui
548 1592 584 1642 ili
600 1609 743 1660 purpuram
762 1598 924 1659 erumperet,
946 1592 1043 1659 proelio
1054 1591 1150 1643 vietum
1162 1591 1234 1658 rapit
1247 1597 1272 1641 et
1285 1595 1362 1642 neon

265 1665 351 1722 (12-
362 1663 416 1726 14).
454 1659 599 1714 oimullotee
620 1661 651 1714 ab
666 1660 850 1712 Maximiniani
863 1660 981 1712 Meroulii
994 1667 1103 1712 mortem
1115 1661 1185 1711 inter
1200 1658 1362 1710 Maxentium

257 1731 347 1798 sellum
364 1729 418 1780 eino
436 1736 464 1780 ot
480 1729 675 1782 Comtantiuum
686 1730 781 1782 lelium
797 1729 924 1797 enoitant,
948 1747 998 1798 pua
1016 1729 1063 1781 ille
1075 1736 1213 1798 reperatur
1224 1730 1362 1797 imperium

265 1817 322 1850 curn
335 1798 391 1850 uita
405 1798 521 1865 perdidit
541 1798 669 1864 (15.16).
705 1799 733 1849 in
750 1798 816 1851 totto
837 1797 908 1851 inter
922 1799 1052 1850 licinium
1069 1805 1095 1851 et
1113 1798 1285 1850 Maximinum
1302 1805 1362 1849 orto

264 1869 306 1919 loia
320 1868 403 1926 victur
418 1867 496 1934 paulo
517 1873 576 1934 poet
594 1874 710 1919 mortuus
729 1867 850 1934 (11(17).
882 1883 1003 1935 praepone
1015 1866 1293 1936 garriti‘oaatantinut
1340 1867 1362 1906 '-

264 1953 334 1988 onum
349 1953 405 1986 eum
422 1936 521 1986 loieinio
536 1935 629 1986 bellum
644 1937 802 2002 (ts-no),
828 1942 854 1986 et
870 1944 928 2002 poet
948 1931 1085 1987 uictoriam
1099 1936 1133 1988 de
1149 1936 1280 1987 Sarmatia
1298 1935 1360 2002 (21)

264 2003 373 2056 seeundo
396 2003 459 2055 bolla
478 2005 506 2052 in
515 2010 671 2072 potentatem
683 2019 738 2056 eum
754 2010 885 2071 meeptun
900 2021 975 2058 uuam
989 2005 1093 2056 meavit
1105 2005 1254 2072 (at-23).
1287 2010 1362 2073 pout·

263 2089 343 2142 quam
365 2089 438 2123 omne
459 2071 594 2138 imperium
611 2089 690 2138 penee
708 2073 908 2125 Constantinum
929 2079 1001 2136 erat,
1027 2080 1054 2125 et
1073 2089 1155 2126 mareu
1172 2079 1260 2126 mutat
1276 2082 1303 2126 et
1320 2073 1361 2125 rei

261 2141 382 2211 publicae
394 2141 526 2192 iaotituta.
560 2141 653 2193 ritilru
670 2142 767 2210 patrii·
785 2141 878 2209 epretio
898 2142 935 2192 ad
954 2141 1159 2195 cananaeorum
1178 2144 1279 2195 aeeedit
1296 2144 1361 2195 reli·
1378 2128 1391 2152 ¹

264 2213 368 2279 gionem
385 2211 460 2274 (29),
477 2225 571 2262 nouam
582 2211 684 2274 urbem,
703 2211 820 2278 Cpolim,
845 2210 929 2262 eedem
942 2211 1143 2278 imperantium,
1169 2213 1254 2264 condit
1272 2212 1360 2278 (30-

266 2279 330 2346 82),
353 2282 498 2345 praelector
515 2280 642 2346 praetorii
658 2280 774 2331 iaetituit
789 2286 916 2347 quattuor
928 2281 988 2346 (33)
1004 2287 1030 2331 et
1043 2281 1139 2333 limitee
1151 2282 1265 2332 militum
1275 2281 1360 2334 nudat

263 2347 395 2417 praeeidia
409 2347 478 2412 (34).
489 2348 547 2414 filii
561 2349 616 2400 nur
627 2348 746 2400 &erario
758 2349 916 2418 dignitatem
925 2350 1055 2410 obtineam
1071 2350 1143 2402 uriie
1155 2352 1242 2418 (polit
1252 2352 1361 2419 magmi-

264 2419 328 2470 tudo
342 2417 397 2468 iam
411 2418 440 2468 in
453 2417 557 2468 oraculo
571 2417 683 2484 quadam
691 2419 786 2483 fumat
797 2417 937 2485 praedicta
952 2418 1008 2485 (36.
1022 2417 1079 2484 37).
1114 2420 1217 2472 aerario
1235 2419 1360 2472 erlourto

263 2503 332 2622 pppp
358 2491 383 2536 et
405 2485 515 2538 moletto
539 2485 640 2538 tributa
664 2486 833 2554 imponuntur
854 2486 927 2554 (38).
973 2487 999 2540 ei
1020 2493 1123 2543 mortuo
1145 2487 1284 2542 molunt
1301 2488 1361 2556 filit

335 2655 495 2708 crudelitate
508 2661 534 2708 et
549 2655 651 2708 invidia
665 2673 712 2709 aoe
734 2655 785 2710 ‘eia
798 2655 878 2726 regal
889 2673 976 2712 eorum
988 2664 1050 2711 eunt
1061 2657 1114 2710 imi
1162 2676 1187 2712 a.
1221 2657 1251 2710 in
1261 2674 1359 2728 eogno-

264 2733 304 2777 tou
315 2726 399 2778 eaeoit
416 2725 581 2778 Conotantiue
594 2725 668 2792 (40),
716 2729 879 2779 onntanlinue
889 2744 936 2796 per
942 2732 1058 2794 fratrem
1068 2735 1138 2796 pent
1149 2728 1211 2796 (41)
1229 2731 1358 2781 Conrtan-

266 2804 332 2858 tem,
358 2794 419 2862 qni,
445 2793 556 2846 erudelis
572 2801 598 2846 et
613 2795 780 2859 libidinosus,
806 2814 824 2847 a
837 2795 990 2866 Magnentio
1010 2804 1121 2865 tyranno
1133 2814 1147 2849 e
1159 2799 1244 2851 medio
1257 2797 1359 2850 tollitur

266 2864 338 2930 (42).
377 2862 499 2914 Vetranio
516 2869 541 2915 et
555 2861 716 2932 Nepotianus
729 2867 865 2933 imperium
875 2869 1027 2935 affectanter
1039 2885 1084 2936 epe
1097 2867 1228 2936 eradunt,
1244 2867 1290 2919 ille
1301 2873 1360 2920 orte

266 2933 413 2984 Constantii
420 2970 428 2998 ,
450 2931 493 2983 itio
511 2932 592 2999 copiio
612 2931 761 3002 Magnentii
781 2939 895 3002 oppreori
910 2935 981 3003 (43).
1014 2935 1107 2988 bellum
1122 2953 1180 2988 aum
1192 2937 1279 2990 Pereia
1289 2936 1360 2988 mala

263 3002 347 3070 genuit
361 3001 539 3068 Constantino,
564 3003 652 3070 magio
666 3019 786 3070 praepete
798 3021 855 3055 oum
869 3004 1038 3073 Magnentio,
1062 3007 1109 3074 qni
1121 3007 1149 3055 in
1162 3022 1190 3056 ea
1202 3007 1358 3070 cumfratre

263 3071 461 3138 Decentioperit
476 3069 626 3136 (44-54).
661 3071 769 3138 Gallae,
792 3074 910 3124 Camurii
932 3073 1065 3142 dignitate
1084 3080 1190 3124 ornatur
1208 3079 1235 3125 el
1256 3071 1358 3125 Oriereti
1408 3116 1413 3122 .

261 3141 425 3210 praefectae,
443 3155 492 3210 per
505 3139 649 3190 calumniae
663 3147 688 3192 et
699 3141 805 3208 imperio
817 3142 941 3208 privatur
950 3149 976 3194 et
989 3143 1046 3194 uita
1063 3141 1130 3208 (65).

333 3249 394 3309 er'r.
411 3256 460 3308 111.
500 3256 637 3313 Germania
656 3257 773 3310 Galliam
791 3259 954 3311 oonantilur
970 3259 1137 3312 Constantine
1158 3258 1302 3327 lulianurn,
1324 3265 1357 3313 ut

264 3327 305 3378 irie
320 3325 471 3392 regionam
487 3333 638 3384 nuourrot,
661 3331 797 3380 Caesarem
809 3328 881 3394 facit
901 3334 936 3394 (a.
956 3330 979 3381 1.
994 3332 1039 3392 2),
1062 3331 1108 3396 qui
1125 3333 1156 3380 ul
1172 3336 1235 3380 ante
1251 3328 1356 3394 litteris,

264 3411 332 3446 nuno
345 3394 425 3444 orario
437 3409 526 3444 namen
539 3395 588 3445 oili
600 3403 745 3463 oomparat;
763 3397 863 3464 proelio
875 3399 911 3448 ad
919 3400 1122 3466 Argentoratum
1133 3398 1356 3465 euperiorjaotue,

261 3465 333 3532 ipone
349 3463 517 3513 tartarorum
538 3469 624 3516 terrae
643 3466 761 3526 inuadit,
784 3481 825 3518 ree
839 3466 968 3518 Saliorrnn
987 3468 1130 3534 oomponit,
1154 3474 1181 3520 et
1192 3467 1303 3536 ulique,
1326 3473 1358 3518 ut

262 3532 389 3601 eupplioet
403 3547 492 3600 paoem
502 3538 601 3600 pelam,
620 3534 826 3603 larlaroo‘oagil
840 3534 872 3602 (3
881 3563 909 3574 ·-
934 3536 957 3602 ).
992 3538 1064 3587 ouius
1077 3538 1171 3601 samoe
1184 3553 1241 3588 eum
1254 3536 1357 3588 inuide-

263 3607 304 3654 ret
318 3601 495 3664 coronantium,
512 3603 618 3653 coneilio
633 3605 735 3670 quidem
747 3604 780 3655 de
791 3621 819 3655 eo
831 3604 997 3671 opprimendo
1009 3605 1094 3656 tortae
1107 3606 1166 3672 (8)=
1182 3623 1271 3660 oerum
1283 3606 1357 3658 mili-

263 3677 316 3738 too,
342 3685 405 3737 quoe
421 3670 471 3721 oili
486 3669 518 3721 al
533 3688 560 3722 eo
574 3671 644 3722 mitti
654 3672 780 3740 inererat,
804 3674 889 3739 iprum
900 3675 1030 3726 lulianum
1045 3674 1224 3742 imperatorem
1239 3675 1357 3727 salutant

263 3740 314 3806 (9).
346 3740 421 3808 pario
433 3738 622 3791 condicioniiuo
634 3745 739 3808 srurtra
755 3744 876 3806 tentatio,
901 3751 1024 3814 properat
1043 3761 1100 3794 eum
1120 3745 1202 3812 eopiiu
1217 3761 1249 3796 en
1264 3743 1357 3795 Gallia

264 3807 382 3861 irrlianur
395 3808 502 3877 agmine
515 3809 605 3869 aitato,
627 3810 782 3878 exoriente,
799 3811 845 3863 nli
859 3829 917 3864 man
931 3814 1015 3866 Peraia
1028 3813 1208 3882 belligerabal,
1227 3815 1356 3864 Coenon-

262 3879 323 3929 tiue.
364 3879 411 3930 looo
430 3883 516 3928 autem
533 3885 632 3930 mortuo
649 3885 787 3948 antequam
809 3882 899 3950 aopiae
916 3889 1106 3950 concurrerent,
1134 3883 1251 3934 Iulianae
1267 3881 1357 3950 pergil

264 3946 365 4014 cpolim
379 3948 430 4014 (10,
448 3945 505 4008 11).
539 3948 615 3997 relna
634 3947 696 4000 leno
709 3949 738 3999 in
755 3950 817 4002 urle
830 3952 974 4018 competitio
986 3952 1171 4020 expeditionem
1185 3957 1276 4003 eontra
1289 3950 1355 4002 Per-

261 4031 306 4066 eao
318 4016 424 4083 euroipit
440 4013 507 4078 (12).
545 4016 696 4068 dntiooloiae
713 4018 822 4086 aliquod
841 4025 941 4087 tempu·
960 4027 1145 4084 remuneratur,
1166 4019 1356 4086 heliumfinen

262 4085 395 4151 iugraoeuo
415 4084 524 4136 castella
542 4085 665 4153 ortuque
682 4088 767 4155 rapit,
797 4093 822 4140 et
841 4089 951 4158 Tigride
973 4090 1080 4142 traieeto
1100 4091 1207 4142 etarnn
1227 4089 1351 4141 inaenolit.

261 4153 377 4205 irretitae
391 4169 518 4220 nusquam
529 4153 558 4204 in
569 4162 728 4222 oonrpectum
740 4157 914 4210 Romanorum
926 4160 1084 4212 oerrientiluo
1095 4159 1219 4210 mereitue
1229 4173 1356 4210 aommaa·

260 4227 303 4273 lue
317 4223 406 4290 inopia
419 4223 522 4274 laborat
535 4221 583 4288 (13
592 4251 623 4262 -
632 4225 686 4284 28).
719 4227 818 4294 prodii
833 4229 938 4284 natm
952 4229 1082 4282 namna
1095 4227 1212 4280 tutam
1228 4227 1313 4280 uictor
1325 4242 1356 4277 an

260 4291 366 4342 uulnere
380 4291 496 4344 animam
507 4292 621 4359 errpirat
637 4293 709 4361 (29).
