3025 4892
255 291 332 364 351
666 289 944 360 mmmm

337 477 370 538 p.
393 455 436 522 94
455 477 487 517 r.
506 461 539 527 2.
581 465 684 517 contra
709 455 803 517 fidem
832 455 935 518 datam
964 457 1098 519 ooclsnm
1116 459 1269 522 Licinium
1291 481 1357 522 esse

254 548 343 625 pauci
361 555 488 622 negant,
516 543 674 625 inquibus
688 545 837 604 Eusebius
860 545 898 603 ob
924 547 989 603 veri
1010 543 1135 625 quidem
1159 547 1358 626 cognoscendi
1388 573 1391 581 ·

255 635 509 711 opportunitatem
527 629 691 711 probabilis
712 632 817 707 testis,
848 627 886 690 ob
905 628 1041 691 studium
1054 640 1156 690 tumen
1168 633 1357 712 imperatoris

254 729 410 798 suspectae
423 714 505 776 fidei.

340 801 382 860 ib.
407 821 438 861 r.
458 805 490 867 7.
532 801 574 860 ci.
595 803 728 860 Zonaras
745 800 791 864 ta
814 801 830 864 1
854 807 886 860 et
905 799 1023 860 Comus.
1041 799 1082 860 ad
1099 802 1122 862 l.
1143 807 1161 867 1
1184 822 1212 861 e.
1236 799 1299 862 Th.
1317 800 1357 862 de

295 907 390 946 vanu.

252 908 313 970 ps„
338 972 379 1031 ib.
401 991 433 1030 v.
448 974 479 1035 8.
521 969 730 1050 haruspicibus
753 967 847 1028 fidem
870 969 908 1028 ab
931 971 1111 1050 imperatore
1131 969 1267 1031 habitam
1288 993 1354 1033 esse

254 1056 404 1140 quaedum
414 1059 499 1136 leges
513 1058 551 1115 ab
569 1077 605 1116 eo
620 1056 708 1115 datae
722 1065 879 1114 testantur.
921 1054 985 1114 vid.
1000 1058 1022 1115 l.
1038 1059 1055 1119 1
1071 1056 1137 1116 cod.
1153 1057 1214 1117 Th.
1231 1057 1268 1116 de
1281 1077 1354 1138 pag.

253 1145 372 1217 sacrifi,
400 1161 478 1200 auno
495 1144 556 1205 321
576 1143 655 1215 lata3
685 1141 723 1199 ci.
739 1142 783 1198 ibi
797 1142 913 1200 Gomm.
931 1139 1107 1201 Gothofred.
1151 1141 1353 1202 instituendae

252 1249 324 1289 vero
338 1228 545 1306 haruspicinae
556 1229 590 1284 in
603 1228 677 1285 locis
685 1227 815 1306 publicis
828 1229 946 1306 copiam
959 1227 1032 1286 facit
1044 1229 1266 1308 superstitiosis.
1287 1227 1352 1290 vid.

251 1314 275 1374 l.
292 1321 307 1378 l
326 1325 356 1372 et
369 1319 389 1376 3
404 1311 470 1370 cod.
484 1309 546 1369 Th.
563 1311 600 1369 (le
614 1312 769 1371 maleficis.

336 1397 378 1456 tt.
396 1417 425 1454 v.
441 1397 492 1460 11.
535 1395 605 1456 vide
626 1395 665 1455 ad
686 1393 768 1456 huuc
784 1397 886 1456 locum
900 1398 1051 1477 insignem
1066 1396 1174 1458 codini
1196 1395 1234 1456 de
1247 1397 1351 1478 Origg.

251 1503 284 1564 p.
296 1482 337 1546 84
352 1481 400 1541 ed.
414 1501 477 1560 reg.
491 1479 695 1561 chrysostom.
708 1484 821 1542 Hamil.
845 1482 881 1546 16
896 1481 935 1541 ad
949 1482 1084 1564 Philipp.
1097 1505 1128 1564 p.
1143 1485 1204 1548 818
1219 1486 1296 1541 mira
1311 1483 1350 1550 de

250 1568 377 1643 Bausta,
407 1569 552 1626 nimirum
565 1569 652 1626 illam
664 1567 779 1627 nudam
794 1570 963 1648 expositam
976 1569 1070 1628 luisse
1082 1569 1155 1628 ieris
1170 1589 1187 1628 a
1202 1569 1350 1627 Constan-

250 1657 325 1713 tino.
369 1651 438 1712 ride
456 1651 531 1711 ibid.
544 1663 632 1712 notas
644 1655 734 1711 Bern.
750 1653 788 1712 de
800 1653 1004 1712 Montlanoon.
1026 1653 1136 1712 Κίτιον.
1181 1657 1351 1732 suspicatur

249 1740 426 1811 Gibbonius,
448 1739 515 1797 loco
532 1737 665 1819 quodam
676 1737 836 1798 Monodiae
851 1749 961 1813 anctus,
981 1739 1132 1813 Faustam,
1157 1757 1249 1820 quam
1263 1749 1349 1797 vete-

249 1845 298 1885 res
319 1827 478 1904 scriptores
500 1823 539 1881 ad
559 1844 654 1883 uuum
675 1841 780 1882 omnes
800 1824 837 1882 ab
854 1825 1047 1883 Constantino
1070 1834 1207 1882 necatam
1234 1821 1347 1898 dicunt,

248 1929 310 1970 non
325 1929 391 1968 esse
406 1926 539 1987 caesam,
567 1908 623 1969 sed
641 1911 715 1988 fuga
732 1911 843 1969 vitasse
863 1921 894 1968 et
912 1911 1099 1988 imperatoris
1121 1912 1199 1968 ham
1219 1919 1249 1968 et
1266 1911 1347 1968 vitae

269 1997 425 2054 ericulum.

246 2013 268 2076 P
332 2098 364 2158 p.
383 2082 424 2145 95
439 2099 469 2137 r.
486 2084 515 2143 1.
557 2081 591 2138 in
609 2077 788 2139 excutiendo
804 2055 940 2138 hocloco
953 2079 1141 2138 memorabili
1156 2089 1186 2138 et
1200 2075 1345 2137 fidetzc-

247 2166 318 2225 simi
332 2165 527 2223 infestissimo
542 2185 581 2224 ne
594 2162 755 2245 disputatio
769 2177 870 2224 nostra
883 2176 935 2224 aut
946 2165 1090 2244 evagetur
1099 2179 1150 2222 aut
1163 2165 1343 2244 implicetur,

139 2245 146 2261 ‘
246 2269 349 2310 rerum
362 2269 478 2308 summa
493 2248 533 2308 ad
547 2248 608 2309 duo
620 2253 718 2330 capita
729 2250 931 2324 revocabitur,
955 2251 1087 2328 primum
1102 2264 1211 2310 verane
1230 2251 1290 2308 sint
1304 2267 1345 2306 aa

246 2337 324 2394 false
338 2334 465 2416 quaeda
478 2336 666 2394 Constantini
679 2337 873 2394 conversione
885 2333 925 2392 ad
937 2333 1140 2394 Christianum
1154 2336 1269 2392 cultram
1281 2335 1345 2392 Zo-

246 2423 341 2481 simus
360 2419 455 2494 dixit,
485 2419 613 2495 deinde,
641 2424 667 2480 si
689 2440 724 2479 ea
745 2421 953 2499 intelligantur
974 2439 1039 2480 esse
1063 2421 1287 2493 commenticia,
1308 2428 1345 2478 ut

244 2513 368 2586 putant,
396 2523 471 2564 uum
489 2509 516 2564 is
536 2509 569 2564 in
589 2506 678 2588 culpa
691 2517 826 2566 versetur
841 2507 1009 2564 calumniae
1022 2505 1281 2586 sugillationisque
1302 2523 1344 2562 an

244 2593 440 2669 ignorationis
451 2601 481 2649 et
492 2593 636 2651 incuriae.
679 2591 780 2650 caedis
792 2591 889 2650 factae
900 2611 985 2649 reum
998 2591 1092 2649 lubae
1103 2591 1341 2664 Constantinum,

157 2709 162 2718 ·
245 2686 276 2734 et
287 2679 407 2754 cognita
420 2679 585 2736 occisorum
598 2680 769 2737 innocentia
781 2678 961 2756 paenituisse
973 2679 1074 2755 ipsum
1083 2675 1165 2749 facti,
1178 2693 1238 2733 uon
1250 2672 1340 2754 moda

243 2762 462 2840 probabilitatis
482 2765 647 2823 rationibus
668 2761 723 2821 sed
743 2766 922 2840 scriptorum
943 2764 1035 2820 etiam
1051 2771 1187 2818 vetennn
1203 2763 1340 2820 testimo-

241 2849 302 2906 niis
319 2847 519 2907 conlimatur.
543 2847 673 2908 eundem
687 2867 758 2907 vern
775 2849 927 2906 conscium
941 2847 1000 2905 sibi
1013 2855 1165 2904 tantorum
1180 2847 1340 2904 mminum

242 2933 390 3009 agitatum
410 2935 452 2990 ite
473 2953 538 2992 esse
561 2935 760 2992 conscientiae
775 2933 921 3005 stimulis,
950 2941 984 2990 ut
998 2929 1143 3010 expiandi
1157 2933 1290 2990 criminis
1308 2939 1339 2988 et

242 3018 427 3075 cruciatuum
440 3021 533 3076 aniani
549 3017 751 3077 tollendorum
763 3035 860 3090 causa,
883 3014 1018 3096 deposito
1037 3026 1120 3074 metu
1136 3035 1175 3074 ne
1192 3015 1339 3074 iudicium

127 3125 128 3128 ¹
242 3102 438 3161 confessionis
456 3122 529 3163 suae
552 3105 699 3163 scelerum
714 3104 747 3160 iu
759 3102 868 3180 vulgus
881 3111 1049 3175 emanaret,
1079 3099 1186 3159 adierit
1201 3101 1337 3160 flamines

242 3198 273 3245 et
287 3189 472 3248 lustrationis
485 3209 542 3267 ope
555 3189 677 3247 abluere
689 3187 840 3246 mamalum
851 3187 989 3262 voluerit,
1010 3184 1043 3245 id
1054 3183 1180 3244 dubium
1192 3197 1221 3244 et
1233 3187 1337 3244 fictum

239 3271 410 3332 intendem
425 3292 577 3332 sacrorum
592 3276 751 3352 gentilium
769 3270 864 3331 videri
881 3283 989 3350 potest.
1032 3274 1130 3330 maior
1145 3273 1269 3350 insuper
1283 3290 1337 3328 su·

240 3360 336 3436 spicio
350 3361 428 3416 inest
442 3361 481 3416 iis
493 3377 570 3440 quae
584 3361 797 3431 subiiciuntur,
818 3357 952 3415 liernines
967 3357 1046 3430 illos,
1067 3371 1170 3437 neque
1182 3355 1335 3434 dignitatis

239 3445 304 3500 eius
321 3445 374 3520 qui
392 3443 512 3521 petebat
526 3445 733 3503 lustrationem
744 3461 843 3523 neque
857 3443 982 3521 periculi
999 3441 1058 3500 sibi
1073 3442 1191 3499 obeam
1203 3461 1264 3500 uon
1278 3439 1335 3498 da-

237 3537 302 3584 tam
315 3528 500 3587 imminentis
515 3531 629 3586 ratione
641 3527 760 3603 habita,
788 3527 962 3586 criminibus
979 3536 1042 3584 tam
1061 3527 1225 3602 anocibus,
1254 3545 1333 3606 quae

238 3612 354 3689 expiari
367 3623 503 3690 cuperet,
534 3615 737 3692 expiationem
752 3612 934 3692 denegasse,
955 3613 1187 3692 neglexisseque
1199 3613 1333 3670 moesio-

237 3715 309 3754 nem
325 3695 474 3756 retinendi
488 3698 687 3780 firmandique
703 3701 891 3779 imperatoris
912 3697 1003 3756 fidem
1018 3701 1051 3755 in
1066 3715 1218 3756 sacrcrmn
1232 3697 1333 3774 genti-

237 3782 315 3840 lium
330 3784 421 3841 cultn.
466 3803 502 3842 ea
523 3787 579 3843 etsi
600 3788 672 3845 satis
691 3784 803 3843 habere
825 3795 856 3842 et
876 3781 967 3842 fidem
986 3780 1162 3842 elevandam
1185 3781 1332 3840 momenti

237 3866 410 3944 videantur,
432 3878 534 3928 tamen
553 3874 668 3929 occurri
679 3873 717 3929 iis
732 3881 831 3950 potest
843 3870 1007 3928 rationibus
1020 3880 1051 3927 et
1064 3869 1247 3946 argumentis
1259 3867 1331 3924 satis

236 3953 345 4012 validis
363 3965 394 4013 et
415 3954 519 4016 firmis.
561 3960 692 4036 primum
709 3975 779 4015 cnm
794 3974 829 4014 ea
844 3957 938 4013 animi
954 3955 1039 4012 furiis
1053 3955 1156 4030 agitati
1168 3962 1275 4010 natura
1289 3953 1331 4009 sit

236 4047 272 4095 ut
286 4057 429 4116 angorem
444 4042 641 4100 conscientiae
654 4042 761 4101 tollere
777 4051 807 4100 et
820 4037 920 4099 delere
933 4041 1109 4098 memoriam
1124 4037 1227 4116 flagitii
1242 4033 1331 4094 avide
1357 4063 1360 4074 ¹

235 4133 373 4200 appetat,
403 4145 452 4184 res
472 4129 548 4183 mira
572 4137 660 4207 atque
681 4125 741 4185 lide
759 4123 886 4203 indigna
899 4145 961 4185 aon
974 4135 1034 4200 est,
1064 4127 1091 4182 si
1107 4123 1329 4196 Constantinus,

234 4210 284 4264 oui
299 4225 385 4267 mens
405 4220 470 4268 erat
483 4214 693 4289 superstitione
713 4221 864 4285 contacte,
896 4209 935 4270 ad
947 4229 1030 4270 sacra
1047 4209 1221 4288 gentilium,
1249 4225 1329 4264 non·-

235 4289 309 4351 dum
322 4312 443 4372 prorsus
456 4295 495 4354 ab
508 4315 545 4356 eo
554 4299 739 4378 contemptui
750 4293 864 4376 habita,
886 4293 1012 4358 sedandi
1025 4293 1137 4356 doloris
1150 4309 1239 4354 causa
1254 4307 1329 4351 acn-
