3025 4892
245 278 317 349 190
720 276 869 347 zusluu

241 461 305 527 τοῖς
319 447 419 539 φυγὴν
431 443 600 533 ἠνάγκασεν
613 446 774 515 ἐπιθεῖναι.
834 450 886 513 καί
899 445 919 532 ἡ
932 449 989 531 μέν
1000 448 1034 513 ἐκ
1049 454 1104 530 τῆς
1121 446 1199 513 κατά
1218 443 1344 513 Θεόδω-

242 580 297 637 ρον
320 554 420 630 αλτίας
439 558 585 635 συμβᾶσα
603 560 673 630 ταῖς
693 550 800 619 πόλεσι
819 551 967 640 συμφορά
990 549 1106 636 ταύτην
1125 552 1193 635 ἐσχε
1213 552 1269 635 τὴν
1293 577 1342 616 τε-

240 653 357 740 λευτήν.
652 639 661 649 ’

350 758 406 828 16.
459 756 709 835 οόαλεντινιανός
726 759 760 823 δέ
778 754 871 837 δόξας
887 782 953 835 πως
967 756 1020 823 τόν
1036 756 1115 844 πρός
1129 757 1202 833 νοός
1218 758 1250 820 Γ
1246 783 1343 841 ερμα-

242 863 314 940 νοῦς
333 860 464 943 πόλεμον
485 862 654 953 διατιθέναι
670 864 818 949 μετρίως,
838 859 1013 948 βαρύτατος
1027 852 1065 944 ἦν
1081 872 1148 938 ταῖς
1163 859 1370 943 άπαιτήσεσιὸ

242 973 304 1033 τῶν
319 969 470 1053 εἰσφορῶν
485 962 693 1053 σφοδρότερον
710 968 892 1049 ἐπικείμενος
907 968 959 1029 καὶ
974 962 1050 1051 sinin
1068 964 1103 1030 τό
1120 961 1253 1047 σόνηθες
1268 961 1345 1030 ταά-

243 1096 301 1147 τας
317 1064 513 1156 εἰσπράττων.
564 1070 690 1139 ἐποιεῖτο
709 1070 742 1134 δέ
759 1066 869 1134 τοάτου
886 1066 1042 1155 πρόφασιν
1058 1075 1114 1150 τῆς
1127 1052 1348 1151 στρατιωτικῆς

245 1171 384 1257 δαπάνης
406 1171 440 1235 τό
464 1177 603 1255 πλῆθος,
629 1169 702 1257 ὅπερ
725 1170 895 1257 ἠνάγκασεν
914 1171 1008 1237 αὐτόν
1024 1173 1230 1253 ἐκδαπανῆσαι
1246 1170 1285 1235 τά
1301 1176 1346 1255 τῷ

245 1277 381 1363 δημοσίῳ
402 1272 615 1363 (μαλαττόμενα
633 1273 791 1361 χρήματα,
842 1278 885 1352 είς
906 1286 997 1356 μῖσος
1019 1277 1120 1339 τοίνυν
1144 1272 1282 1350 ἅπαντας
1297 1274 1344 1336 ἐπί

242 1378 342 1466 τούτῳ
358 1376 484 1461 κινήσας
501 1378 542 1444 ἐτι
559 1381 660 1461 μεῖζον
678 1378 698 1462 ἢ
716 1376 864 1466 πρότερον
878 1380 1080 1465 ἐπεκραίνετο,
1106 1380 1156 1443 καί
1180 1375 1249 1443 orire
1274 1376 1391 1453 τοδςιο

244 1482 396 1569 άρχοντας
416 1481 527 1565 ἤθελεν
547 1480 691 1562 ἐξετάζειν
714 1486 741 1547 εί
765 1483 890 1567 κέρδους
908 1482 1088 1564 ἀπέχονται,
1113 1491 1177 1558 τοῖς
1191 1506 1224 1545 τε
1242 1482 1276 1545 ἐκ
1291 1486 1348 1545 τοῦ

244 1590 298 1671 ζῆν
315 1587 480 1669 ἀμέμπτως
495 1585 597 1668 ἐχουσι
616 1584 710 1663 δόξαν
726 1582 852 1672 ἐφθόνει
860 1634 870 1663 ,
896 1588 946 1650 καί
963 1583 1068 1661 ἁπλῶς
1083 1587 1174 1650 εἰπεῖν
1187 1580 1288 1670 ἕτερός
1302 1609 1348 1660 τις

243 1684 383 1775 ἦνπαρὰ
399 1690 452 1753 τόν
468 1691 500 1768 ἐξ
515 1690 613 1776 ἀρχῆς
631 1691 867 1775 ἐπιτηδευθέντα
881 1687 994 1774 τρόπον
1009 1689 1094 1776 αὐτῷ
1108 1695 1164 1770 τῆς
1179 1690 1347 1770 βασιλείας.

245 1794 298 1858 διὰ
325 1800 423 1859 ταῦτα
446 1797 496 1859 καί
519 1796 658 1875 Λίβυες,
685 1793 741 1858 οὐκ
760 1790 925 1878 ἐνεγκόντες
938 1789 1161 1876 τὴνῬωμανοῦ
1176 1793 1349 1867 πλεονεξίαν

244 1903 301 1963 τοῦ
324 1897 380 1979 τὴν
407 1899 625 1982 στρατιωτικὴν
650 1896 773 1978 ἐχονιος
795 1898 827 1960 ἐν
851 1898 1068 1983 Μαυρουσίοις
1090 1891 1207 1980 ἀρχήν,
1236 1897 1347 1979 Φίρμῳ
1357 1910 1389 1965 15

244 2000 301 2083 τὴν
318 1997 484 2085 ἁλουργίδα
498 1998 601 2075 δόντες
616 1999 770 2075 ἀνέδειξαν
782 1999 924 2081 βασιλέα.
974 1996 1048 2084 ὅπερ
1065 1997 1254 2083 άπαγγελθέν
1269 1994 1348 2063 εἰκό-

244 2130 306 2180 τως
334 2102 583 2169 Ου’·αλεντινιανόν
609 2100 808 2189 συνετάραξε·
833 2104 885 2165 καὶ
908 2108 1098 2188 παραχρῆμα
1116 2098 1259 2186 τάγματά
1279 2096 1370 2165 τινακ

246 2205 449 2293 στρατιωτικά
464 2206 520 2287 τὴν
535 2207 567 2268 ἐν
581 2208 717 2295 Honorio
733 2208 785 2270 aot
800 2205 915 2295 Μυσίᾳ
928 2210 968 2292 τῇ
983 2204 1047 2269 άνω
1064 2201 1270 2270 καταλιπόντα
1286 2230 1349 2291 φυ-

244 2310 342 2393 λακὴν
369 2311 416 2373 ἐπὶ
444 2306 571 2391 Λιβύην
595 2310 754 2376 ἐκπλεῦσαι
778 2309 953 2396 προσέταξε.
1004 2305 1114 2373 τοότου
1133 2307 1173 2391 δὴ
1189 2308 1348 2393 γενομένου

246 2409 449 2500 Σαυρομάται
466 2414 517 2477 καὶ
535 2409 691 2491 Κουάδοι,
717 2413 768 2477 καί
787 2410 935 2499 πρότερον
951 2408 1035 2487 όντες
1050 2410 1166 2495 ἐγκοτοι
1187 2418 1232 2498 τῷ
1246 2411 1302 2491 τὴν
1317 2412 1392 2503 ἐνερ

245 2514 367 2594 τούτοις
389 2516 633 2603 ἐπιτετραμμένῳ
657 2524 721 2593 τοῖς
739 2512 844 2592 τόποις
863 2515 1004 2603 φυλακὴν
1030 2506 1089 2598 (ἦν
1104 2514 1138 2579 δέ
1152 2514 1347 2597 Κελέστιος),

246 2620 324 2704 μετά
341 2620 396 2705 τὴν
412 2626 474 2687 τῶν
490 2624 685 2705 στρατιωτῶν
697 2621 740 2695 εἰς
748 2615 877 2703 Λιβόην
891 2618 1067 2702 ἀποδημίαν
1080 2617 1223 2683 ἐπέθεντο
1231 2619 1352 2683 Παίοσί

317 2817 349 2873 15
374 2815 416 2869 aiii
439 2832 495 2871 eom
513 2818 608 2869 vocant
624 2815 748 2869 Comitem
768 2814 895 2884 Africae,⁸
918 2814 979 2869 vide
995 2812 1203 2885 Prosopogmpb.
1219 2813 1278 2867 cod.
1296 2813 1348 2867 Tb.

314 2890 351 2941 20
369 2882 413 2952 ἔγκ
465 2886 526 2955 LP,
543 2886 633 2938 relicto
651 2903 699 2954 pro
717 2886 852 2954 postremis
868 2892 992 2955 quattuor
1007 2884 1089 2938 literis
1110 2883 1348 2955 spatiosiores.

313 2958 348 3011 21
365 2950 510 3017 Κελίστιος
527 2956 659 3007 Amusiauo
677 2954 875 3008 Marcellinum.

248 3126 331 3181 bibita
351 3124 540 3194 interficiebat,
559 3124 673 3196 reliquos
696 3124 785 3179 exsilio
796 3130 878 3179 semet
894 3124 966 3197 ipsos
984 3126 1092 3179 multare
1106 3124 1224 3194 cogebat.
1259 3129 1287 3177 et
1305 3140 1349 3175 ‹a-

246 3198 347 3320 ρραιὶαιτ
368 3196 470 3267 quidem
491 3212 524 3249 en
547 3212 614 3265 quac
637 3196 712 3266 culpa
731 3195 864 3249 Theodori
880 3195 1028 3249 civitatibus
1047 3195 1153 3262 accidit,
1176 3198 1245 3247 bunc
1259 3192 1351 3247 babuit

268 3284 333 3321 nem.

320 3336 361 3389 16.
401 3332 595 3385 Valentinianus
615 3348 695 3402 vero,
719 3332 764 3402 qui
777 3332 846 3385 visns
859 3331 951 3385 fuisset
963 3330 1058 3386 bellum
1070 3331 1195 3386 adversus
1206 3331 1351 3383 Germanos

248 3404 411 3457 mediocriter
430 3400 637 3467 administrasse,
654 3400 820 3468 gravissimus
831 3402 941 3453 subditis
952 3408 1024 3467 erat,
1041 3401 1192 3455 tributorum
1204 3399 1351 3451 exactiones

248 3473 331 3525 acrius
343 3486 438 3539 urgens
450 3486 531 3537 esque
542 3469 610 3521 ultra
622 3480 770 3525 consuetum
781 3471 878 3523 mor'cru
889 3482 1052 3539 extorquens.
1087 3469 1256 3539 praetexebat
1265 3476 1350 3521 autem

247 3542 363 3594 militaris
383 3556 500 3590 annonae
520 3536 734 3607 magnitudinem,
753 3558 819 3608 quae
836 3540 918 3610 ipsum
933 3539 1064 3607 pecuniam
1075 3539 1138 3590 fisco
1150 3548 1279 3591 servatam
1290 3555 1351 3588 coe-

248 3611 331 3679 gisset
353 3608 505 3679 expendere.
540 3616 699 3678 quapropter
721 3610 779 3661 odio
804 3618 953 3660 cunctorum
975 3607 1001 3659 iu
1023 3626 1053 3661 se
1075 3608 1217 3672 concitato,
1234 3606 1353 3659 acerbior

249 3681 324 3733 etiam
346 3694 421 3748 quarn
444 3676 515 3747 prius
534 3683 608 3741 erat;
633 3694 665 3729 sc
684 3695 767 3747 neque
784 3676 949 3745 magistratus
965 3676 1267 3730 examinarevoiebatan
1280 3692 1297 3727 a
1308 3684 1352 3727 ot-

250 3748 352 3820 ptandis
374 3746 450 3800 lucris
473 3746 645 3811 abstinerent,
662 3755 689 3799 et
711 3747 816 3815 gloriam
840 3763 873 3798 ex
895 3744 1024 3814 inculpata
1045 3745 1101 3797 vita
1115 3744 1196 3798 nactis
1213 3744 1352 3796 invidebat.

252 3818 362 3887 denique
383 3819 439 3869 sera
455 3816 519 3868 alius
537 3822 593 3867 erat
613 3823 640 3867 at
659 3816 776 3868 diversus
793 3816 826 3868 sb
840 3814 870 3866 iis
882 3814 995 3867 moribus
1006 3831 1070 3883 quos
1083 3814 1154 3866 initio
1165 3812 1238 3881 regui
1248 3830 1311 3883 prae
1322 3828 1351 3863 sc

250 3885 354 3939 tulerat.
396 3902 451 3937 earu
464 3886 496 3935 ob
509 3900 611 3937 causam
624 3890 650 3936 at
662 3885 732 3949 atri,
750 3902 801 3936 nou
812 3885 925 3937 iereiues
935 3883 1068 3935 avaritiam
1080 3883 1204 3947 Romani,
1222 3884 1265 3950 qni
1281 3878 1351 3949 apud

251 3956 357 4009 Mauros
368 3953 481 4023 magistri
493 3954 594 4005 rnilitum
607 3952 692 4005 officio
705 3954 876 4021 fungebatur,
895 3952 1010 4005 amictum
1023 3968 1136 4021 purpura
1146 3951 1258 4003 Firmum
1269 3948 1351 4018 impe-

250 4032 365 4077 ratorem
384 4029 517 4085 crearunt3
537 4022 608 4075 cuius
627 4022 664 4073 rei
681 4023 783 4074 nuntius
793 4022 964 4073 allatusbaud
975 4021 1022 4073 abs
1033 4038 1063 4073 re
1077 4020 1279 4072 Valentinianum
1290 4036 1351 4088 per-

251 4093 374 4146 turbavit.
408 4090 516 4158 ideoque
538 4091 671 4143 confestim
690 4108 808 4143 numeros
829 4090 950 4157 quosdam
966 4090 1088 4154 militum,
1103 4088 1194 4141 relicta
1203 4088 1352 4141 Pannonian

251 4162 419 4228 Moesiaeqno
431 4158 568 4227 superioris
581 4158 711 4225 custodia,
729 4160 755 4212 in
767 4158 879 4212 Africam
891 4158 1015 4226 navigare
1025 4158 1107 4211 iussit.
1141 4175 1192 4226 quo
1205 4158 1275 4208 sacto
1286 4157 1351 4206 Sar-

251 4240 336 4283 matae
347 4236 374 4282 et
385 4228 485 4292 Quadi,
502 4226 553 4279 iana
565 4228 660 4295 undena
672 4228 707 4279 iiii
720 4228 760 4281 cui
773 4229 870 4279 credita
881 4234 939 4279 erat
950 4228 1037 4279 borum
1048 4227 1162 4279 locorum
1174 4226 1290 4278 custodia
1305 4226 1352 4291 (et

250 4294 513 4363 eratiscoelestius)
531 4296 639 4365 intensi,
655 4304 717 4366 post
734 4296 840 4351 militum
851 4295 1034 4367 profectionem
1044 4294 1194 4349 inAfricam
1204 4293 1353 4348 Pannonios
