3025 4892
247 294 322 365 208
724 294 874 365 zosuu]

246 468 304 550 μία
326 470 382 550 τῆς
403 464 529 544 Λυδίας
551 462 648 547 έστίν,
673 467 703 533 σί
724 468 781 551 μὲν
802 462 966 554 Αίγύπτιοι
984 474 1090 559 πολλῷ
1103 476 1166 535 τῶν
1179 465 1351 557 βαρβάρων

246 568 330 647 ὄντες
342 568 487 647 έλάττους
502 570 617 653 είχοντο
633 575 688 653 τῆς
703 578 906 658 στρατηγικῆς
920 574 1076 652 εὐταξίας,
1097 574 1127 639 οἳ
1144 577 1177 640 δὲ
1193 573 1349 659 βάρβαροι

246 671 359 757 πλῆθει
380 671 507 751 τούτους
524 672 736 760 ὐπεραίρσντες
758 675 836 757 έχειν
854 701 885 741 τι
906 676 998 741 πλέον
1015 676 1129 759 ἠξίουν.
1179 681 1230 741 καί
1247 676 1349 760 έπειδῆ

246 783 308 843 τῶν
320 776 370 842 ἔπ’
388 777 503 863 άγορᾶς
515 803 561 853 τις
574 768 617 843 ὧν
630 776 760 843 ἀπέδοτο
774 782 906 862 δοθῆναι
921 778 1012 862 τιμὴν
1025 779 1155 865 ᾔτησεν,
1180 776 1197 845 ὅ
1219 782 1252 845 δὲ
1267 780 1349 865 βάρ-

246 886 346 965 βαρος
357 880 392 944 τδ
407 883 496 967 ξίφος
511 878 667 965 έπῆγαγεν,
694 878 757 947 εἶτα
774 879 1004 966 ἀναβοήσαντος
1017 881 1176 966 ε’πλήττετο
1190 887 1241 949 καί
1256 884 1377 960 ἅλλοςὸ

246 988 405 1067 βοηθῆσαι
415 980 611 1067 βουλόμενος,
633 982 810 1068 ἐλεήσαντες
822 986 851 1050 οἱ
865 983 1029 1071 Αίγάπτιοι
1042 987 1077 1051 τὸ
1090 984 1245 1071 γινδμενον
1257 988 1349 1053 έπιει-

247 1094 311 1164 κῶς
331 1097 395 1164 τοίς
408 1086 582 1174 βαρβάροις
597 1088 766 1171 ἀπέχεσθαι
782 1086 939 1177 παρῄνουν
953 1095 1014 1154 τῶν
1028 1087 1173 1155 τοιούτων
1187 1088 1349 1173 ὐτοπημά-

246 1210 326 1256 των·
351 1190 396 1274 μὴ
411 1192 470 1277 γὰρ
488 1188 562 1255 είνιιι
577 1198 666 1257 τοῦτο
681 1191 768 1278 ίργον
784 1191 958 1279 ἀνθρώπων
973 1192 1054 1257 κατὰ
1064 1190 1223 1275 Ῥωμαίων
1236 1191 1349 1276 νόμους

248 1296 302 1378 ζῆν
324 1292 501 1360 έθελύντων.
554 1296 582 1358 oi
604 1296 638 1361 δι’
657 1296 726 1361 κατ’
740 1283 872 1361 ’ἐκείνων
891 1298 1024 1381 έχριδντο
1047 1305 1111 1374 τοῖς
1132 1298 1249 1385 ξίφεσιν
1255 1344 1267 1376 ,
1291 1299 1349 1373 ἕως

247 1394 384 1474 ένδδντες
408 1398 436 1463 οἶ
457 1392 624 1482 Αλγάπτιοι
645 1404 689 1487 τῷ
707 1404 805 1487 θυμῷ
818 1396 981 1465 συνέπεσόν
995 1424 1027 1464 τε
1042 1398 1147 1476 αὐτοῖς
1161 1404 1212 1465 καί
1228 1403 1393 1477 πλείους10

247 1500 268 1585 ῆ
287 1502 460 1578 διακοσίους
474 1500 611 1581 άνεῖλον,
635 1502 708 1579 τούς
723 1504 780 1585 μὲν
795 1500 978 1585 πλήξαντες,
1003 1502 1075 1580 τούς
1088 1505 1121 1569 δι’
1134 1506 1177 1581 είς
1186 1504 1259 1581 τούς
1270 1500 1348 1569 olno-

245 1602 360 1687 νόμους
382 1614 487 1693 ηυγεῒν
509 1602 734 1690 ἀναγκάσαντες
747 1606 866 1673 κάκεῖσε
876 1607 930 1671 τδν
943 1609 1013 1689 βίον
1024 1606 1190 1673 άπολιπεῖν.
1239 1609 1272 1673 έν
1292 1608 1349 1689 μὲν

248 1700 303 1773 οὐν
322 1714 360 1797 τῇ
385 1710 594 1800 Φιλαδελφείρ
613 1716 711 1775 ταῦτα
728 1706 897 1797 πράξαντες
918 1712 965 1775 ἐπὶ
982 1720 1045 1787 τοῖς
1056 1708 1231 1796 βαρβάροις
1246 1708 1349 1795 Alpi-

246 1836 344 1891 πτιοι,
370 1815 421 1877 καί
442 1813 598 1889 πείσαντες
622 1824 791 1901 σωφρονεῖν
815 1809 857 1890 ὥς
880 1819 942 1879 τῶν
966 1812 1226 1897 ἀντιστησομένων
1244 1814 1349 1891 αὐτοῖς

246 1916 303 1980 οὐκ
324 1912 557 1997 ἐπιλειψόντων,
584 1915 670 1981 αὐτοὶ
692 1918 748 1999 μίν
770 1916 886 2000 είῆοντο
901 1923 957 1998 τῆς
971 1918 1019 1980 tut
1038 1916 1073 1981 τδ
1090 1915 1197 2003 πρόσω
1213 1919 1346 2002 πορείας,
1356 1929 1390 1983 16

246 2018 276 2083 ol
303 2019 337 2083 δέ
362 2016 518 2105 βάρβαροι
548 2020 596 2082 lui
621 2019 677 2101 τὴν
700 2018 879 2105 Λίγιιπτον,
911 2010 948 2083 οὐ
972 2020 1153 2105 τεταγμένον
1174 2012 1212 2102 ῆν
1234 2020 1348 2099 αὐτοῖς,

244 2119 408 2207 προῄεσαν.
459 2118 557 2205 ῆγεῖτο
586 2122 619 2186 δὲ
642 2121 745 2187 αὐτῶν
763 2118 967 2209 Ὁρμίσδηςδ
988 2123 1129 2209 Πέρσης·
1164 2114 1203 2205 ῆν
1224 2125 1258 2188 δι’
1272 2120 1348 2207 Ὁρ-

243 2226 356 2309 μίσδου
385 2234 458 2300 παῖς
484 2232 541 2289 τοῦ
562 2222 802 2308 κοινωνῆσαντος
821 2228 865 2303 είς
886 2225 939 2290 τδν
956 2224 1037 2289 κατὰ
1059 2229 1193 2315 Περσῶν
1216 2224 1348 2311 πόλεμον

240 2328 398 2417 Ἰουλιανῷ
414 2334 458 2415 τῷ
474 2324 686 2413 αὐτοκράτορι.

351 2432 409 2501 31.
463 2436 535 2495 Τῶν
557 2432 590 2495 δὲ
606 2431 785 2517 Λίγυπτίων
806 2432 849 2509 είς
864 2431 1064 2497 Μακεδονίαν
1085 2428 1278 2518 ἀφικομένων
1295 2433 1390 2497 naim

245 2544 311 2612 τοῖς
326 2532 439 2599 αὐτόθι
455 2530 589 2619 τάγμασι
607 2536 837 2622 συνωσθέντων,
853 2531 939 2612 τάξις
953 2536 1010 2616 μὲν
1023 2526 1061 2618 ἦν
1073 2545 1137 2610 τοῖς
1154 2533 1346 2621 στρατεύμα-

244 2664 294 2705 σιν
311 2638 458 2720 οὐδεμία,
492 2638 563 2703 οὐδὲ
580 2635 732 2721 Ῥωμαίου
758 2636 909 2725 διάκρισις
933 2636 955 2721 ἢ
976 2635 1160 2724 βαρβάρου,
1185 2636 1295 2716 πάντες
1314 2640 1347 2703 δὲ

312 2802 331 2856 2
358 2800 469 2855 sortasse
496 2798 593 2853 rectius
622 2799 822 2867 στρατιωτικῆς
850 2794 987 2863 εὐταξίας.
1022 2799 1064 2853 vel
1091 2799 1274 2867 στρατηγικῆς
1298 2800 1347 2853 erit

314 2888 332 2923 ιι
347 2870 453 2991 dapibus
464 2870 645 2941 proesnipto,
661 2878 690 2923 ut
706 2870 876 2922 Leunolarius
893 2870 997 2941 accipit.
1013 2872 1042 2926 8.
1155 2871 1189 2925 21
1207 2868 1347 2938 συναφίν·

311 2956 369 2993 των
410 2976 419 2993 .

243 3094 296 3149 que
313 3074 506 3146 Philadelphlse
523 3072 719 3142 convenissent,
736 3074 808 3145 quod
828 3074 948 3147 oppidum
964 3080 1005 3129 est
1021 3072 1137 3141 Lydiae,
1154 3074 1230 3143 longo
1242 3090 1345 3129 nurnero

244 3148 361 3203 barbaris
379 3146 512 3199 interiores
527 3145 650 3227 Aegyptii
668 3144 853 3213 praescripturo
873 3145 923 3197 sibi
940 3162 957 3197 a
975 3144 1082 3197 ducibus
1099 3144 1213 3197 ordinem
1225 3146 1346 3196 observa-

243 3218 320 3271 bant:
345 3213 449 3268 barbari
470 3229 550 3278 vero,
573 3230 617 3280 qur
639 3214 686 3265 hos
704 3214 867 3266 multitudine
882 3219 1051 3284 superarent,
1068 3213 1176 3283 amplius
1190 3211 1284 3283 aliquid
1298 3211 1347 3268 sibl

244 3286 307 3340 ioris
326 3286 493 3354 usurpabant.
529 3298 637 3349 cumque
653 3282 722 3335 sorte
739 3282 839 3350 quidam
851 3302 883 3335 ex
896 3284 926 3334 iis
954 3284 979 3336 ui
991 3288 1066 3334 erant
1077 3283 1101 3334 in
1114 3284 1172 3335 loro
1184 3283 1346 3336 venditarum

243 3357 278 3409 ab
290 3372 318 3407 oe
328 3370 413 3407 rerum
424 3352 532 3421 pretium
545 3358 679 3419 posceret,
696 3352 820 3403 barbarus
832 3358 946 3418 autemg
972 3352 1014 3403 dio
1025 3350 1128 3419 feriret,
1145 3359 1223 3419 atque
1234 3351 1292 3403 hino
1303 3353 1346 3404 illo

244 3424 402 3477 exclamante
411 3420 591 3471 vulneraretur
603 3426 630 3470 et
643 3420 722 3484 alter,
741 3422 823 3488 priori
835 3422 931 3473 laturus
943 3438 1031 3489 opem,
1049 3420 1145 3471 miserti
1156 3421 1211 3472 eius
1222 3420 1291 3490 quod
1302 3438 1347 3473 ae·

244 3493 344 3545 uideret
360 3486 485 3571 Aegyptii
503 3486 620 3538 modeste
637 3488 765 3541 barbaros
784 3490 963 3552 hortabantur,
981 3488 1014 3541 ab
1025 3488 1117 3557 iniquis
1129 3489 1271 3542 huiusmodi
1282 3489 1347 3543 fari·

244 3561 349 3615 uoribus
361 3560 533 3612 abstrnereutr
551 3572 601 3607 nou
613 3554 679 3607 enirn
692 3558 739 3609 troo
751 3558 845 3611 deoere
855 3558 924 3611 viros
935 3558 980 3627 qui
989 3560 1126 3609 secundum
1138 3557 1210 3625 loges
1219 3560 1347 3612 Romanas

244 3630 338 3683 virere
358 3626 543 3681 decrevissent.
578 3632 631 3677 turn
643 3625 679 3676 illi
690 3625 788 3694 gladios
799 3644 860 3679 suos
874 3626 998 3680 adversus
1008 3627 1056 3680 lros
1066 3627 1207 3695 stringere,
1221 3627 1302 3680 (lonec
1320 3633 1347 3679 et

243 3696 367 3767 Aegyptii
384 3697 469 3750 laxato
486 3691 633 3747 iracundiae
644 3696 718 3747 lreno
730 3713 785 3747 curu
798 3697 835 3748 eis
847 3694 1065 3763 oongrederentur
1075 3703 1102 3747 et
1111 3698 1199 3778 plures
1210 3714 1285 3764 quam
1297 3696 1346 3749 ‹lu-
1413 3754 1423 3771 .
1435 3760 1443 3771 .

245 3778 335 3823 nenton
344 3764 530 3827 interimerent,
548 3762 605 3815 aliis
619 3764 713 3825 caesis,
732 3765 789 3816 aliis
799 3764 824 3816 in
836 3764 936 3816 cloacas
947 3766 1039 3832 sugere
1051 3782 1083 3817 ao
1093 3774 1170 3817 vitain
1182 3765 1206 3815 in
1220 3765 1258 3815 eis
1269 3766 1346 3818 relin—

244 3855 324 3909 quere
341 3835 446 3888 mactis
480 3850 538 3885 oum
557 3834 622 3885 baec
633 3833 755 3903 Aegyptii
765 3831 959 3903 Philadelphiae
969 3841 1114 3901 patrassent
1123 3832 1148 3885 in
1160 3834 1301 3900 barbaros,
1319 3842 1348 3887 et

245 3905 413 3961 modestiores
430 3910 460 3955 ut
478 3909 581 3969 essent,
599 3920 648 3953 non
667 3902 793 3955 defuturis
806 3902 904 3955 seilicet
921 3903 965 3970 qui
976 3902 1014 3954 eis
1025 3900 1191 3967 resisterent,
1208 3904 1346 3970 persuasis·

243 3984 316 4039 sent,
339 3974 389 4044 ipsi
406 3972 508 4043 quidem
528 3970 636 4023 ulterius
656 3971 707 4023 iter
724 3988 797 4023 suum
814 3974 1050 4091 proserprpbantur,
1068 3970 1169 4022 barbari
1182 3988 1245 4023 vero
1257 3988 1347 4025 versus

242 4049 403 4113 Aegyptum,
422 4056 473 4112 quo
493 4041 532 4092 ire
552 4040 615 4092 iussi
634 4041 748 4105 luerent,
767 4040 904 4108 progredie
939 4050 1007 4095 ntur.
1041 4048 1069 4093 et
1080 4040 1209 4092 ltabobant
1220 4041 1245 4093 ni
1257 4042 1347 4093 ducem

243 4112 419 4173 Hormisdou,
438 4109 541 4162 natione
559 4109 679 4171 Persam,
700 4109 851 4162 Hormisdae
867 4109 934 4162 illius
950 4109 1044 4172 filium,
1061 4108 1106 4179 qui
1119 4127 1175 4160 curu
1187 4107 1285 4164 Iuliano
1298 4110 1347 4163 im·

243 4190 363 4251 peratore
375 4179 441 4233 bello
452 4186 544 4231 contra
553 4176 648 4231 Persas
658 4178 782 4231 interluit.

313 4248 356 4303 81.
391 4246 597 4300 Adventantibus
608 4246 634 4299 in
646 4246 823 4299 Macedoniarn
837 4250 854 4300 Α
910 4246 985 4317 puis,
1003 4252 1031 4299 et
1041 4246 1090 4298 iarn
1102 4244 1246 4313 legionibus
1258 4262 1345 4299 eorum

243 4316 355 4373 locorum
365 4315 501 4385 adscriptis
508 4352 517 4383 ,
540 4314 622 4367 nullus
634 4322 691 4367 erat
700 4315 727 4369 in
738 4315 831 4371 castris
842 4334 872 4369 or
891 4334 924 4385 o,
947 4316 1042 4369 nullom
1054 4314 1167 4369 Romani
1180 4314 1225 4367 vel
1241 4312 1346 4369 barbari
