3025 4892
499 278 578 345 LIB.
604 278 625 345 4
651 280 734 346 ΟΔΡ.
760 284 813 346 26.
837 286 889 346 27.
915 287 967 348 λθ.
1209 284 1283 353 905

177 453 318 529 πλειόνας
338 451 358 537 ἢ
380 448 526 541 πρότερον
549 448 726 539 είργάσατο·
747 448 815 531 ένδς
827 452 887 541 γάρ
903 450 990 531 ὄντος
1004 450 1159 541 ἱππάρχου
1172 458 1223 521 καὶ
1235 458 1283 521 dni

117 626 129 646 Ι
176 562 238 621 τῶν
255 558 351 635 πεζιῦν
368 554 433 635 istie
448 558 628 643 τεταγμένου
635 604 646 638 ,
672 558 807 622 πλειόσίν
819 556 840 641 ἢ
853 558 939 623 πέντε
955 556 1070 635 ταάτας
1087 560 1213 642 διένειμε
1226 561 1283 637 τάς

178 656 295 744 άρχάς,
321 658 420 747 ταύτην
446 686 478 725 τε
511 662 561 725 καί
585 658 621 725 τὸ
644 657 793 745 δημάσιον
817 658 969 744 οιτῆσεσιν
991 658 1119 749 ἐβάρυνε
1145 667 1280 729 πλείοσιν

179 762 299 845 (οὐκέτι
315 762 373 849 γάρ
389 760 444 827 doio
461 773 641 850 στρατηγοῖς
655 760 761 847 μόνοις
778 763 857 829 titt
873 765 959 831 πέντε
974 767 1026 829 καὶ
1043 766 1194 845 πλείοσιν,
1219 765 1279 832 ὅσα

152 867 304 943 δέ’καστος
325 873 385 931 τῶν
408 864 463 931 δύο
491 866 638 955 πρότερον
662 866 753 951 εἶχεν,
776 869 998 954 έχορηγοῦντο)
1024 870 1075 933 καὶ
1094 868 1166 945 τοδς
1183 896 1279 954 στρα-

175 967 287 1047 τιάτας
303 968 456 1035 τοσούτων
470 970 626 1058 ἀρχόντων
639 971 784 1037 ἐκδέδωκε
798 973 972 1062 πλεονεξίᾳ·
998 968 1115 1037 τούτων
1129 970 1188 1059 γάρ
1206 974 1278 1037 iira-

175 1096 248 1149 στος
267 1071 322 1137 οὐκ
340 1074 415 1139 αὐτὸ
430 1073 540 1161 μέρος,
567 1072 646 1139 ἄλλά
664 1071 848 1160 ὁλόκληρον,
875 1071 917 1151 ὡς
936 1074 976 1140 cir
990 1079 1017 1141 εί
1033 1072 1089 1139 δύο
1104 1072 1208 1157 μάνων
1225 1074 1277 1140 άν-

173 1201 249 1255 των,
276 1177 309 1240 ίκ
325 1182 381 1259 τῆς
396 1180 465 1264 περὶ
481 1178 521 1242 τὰ
539 1178 742 1265 στρατιωτικά
761 1179 917 1264 οιτηρέσια
939 1179 1104 1261 καπηλείας
1123 1180 1278 1265 ἀθροίζειν

173 1278 314 1362 ἐβούλετο
327 1281 444 1367 κέρδος.
495 1283 546 1347 καὶ
558 1282 593 1346 οὗ
607 1288 697 1347 τοῦτο
711 1281 807 1365 μόνον
814 1329 824 1361 ,
851 1281 931 1346 άλλά
947 1286 999 1347 καὶ
1017 1279 1146 1368 ἰλάρχας
1157 1286 1209 1347 καὶ
1221 1289 1277 1346 λο-

133 1382 287 1467 λοχαγοὺς
308 1386 357 1448 καί
380 1381 563 1470 ταξιάρχους
584 1388 626 1462 είς
649 1391 772 1469 πλῆθος
795 1385 888 1470 ἤγαγε
906 1394 1053 1452 τοσοῦτον
1070 1384 1147 1451 ὥστε
1165 1388 1277 1450 διπλα-

173 1485 292 1569 σίουςῆ
309 1485 456 1574 πρότερον
472 1485 530 1572 εἶχε
548 1494 727 1575 λελεῖφθαι,
753 1488 826 1566 τοδς
841 1490 876 1554 δέ
891 1488 1080 1577 στρατιώτας
1095 1496 1157 1555 τῶν
1173 1490 1207 1553 έκ
1220 1496 1291 1555 τοῦ·

173 1590 321 1673 δημοσίου
338 1592 507 1673 δεδομένων
524 1592 628 1667 αὐτοῖς
646 1592 722 1673 έχειν
737 1590 835 1655 οὐδέν.

277 1692 337 1761 28·
383 1693 477 1759 Ἀλλά
491 1702 580 1759 τοῦτο
595 1696 651 1776 μέν
664 1697 707 1771 είς
720 1700 810 1761 τοῦτο
824 1693 1006 1775 κατέστησεν
1018 1687 1038 1777 ἦ
1054 1698 1110 1758 soei
1121 1694 1275 1774 βασιλέως

173 1794 310 1879 ἔκμέλεια
338 1798 388 1859 καί
417 1794 437 1881 ἢ
465 1796 575 1882 άλογος
595 1804 656 1861 τῶν
673 1795 842 1883 χρημάτων
864 1798 1029 1878 ἐπιθυμία,
1063 1795 1216 1879 τοσαύτην·
1239 1798 1274 1862 δέ

131 1912 164 1968 15
172 1895 347 1984 ἐπεισήγαγε
368 1905 407 1986 τῇ
426 1906 572 1987 βασιλικῇ
597 1902 728 1987 τραπέζῃ
750 1898 890 1983 δαπάνην
913 1897 989 1964 ὥστε
1008 1898 1060 1963 διά
1075 1905 1198 1981 πλῆθος
1211 1907 1274 1965 τῶν

171 2001 345 2084 ίδτσμάτων
357 2004 408 2067 καὶ
421 2010 477 2087 τῆς
489 2008 556 2091 περὶ
569 2009 667 2069 ταῦτα
679 2006 872 2080 πολυτελείας
886 2000 1027 2087 τάγματα
1041 2000 1273 2089 πολυάνθρωπα

170 2112 356 2187 καταστῆναι
376 2108 529 2194 μαγείρων
544 2133 575 2172 τε
592 2109 642 2171 καὶ
659 2105 804 2189 οἰνοχόων
819 2109 871 2171 καὶ
889 2112 950 2171 τῶν
967 2100 1085 2185 ἄλλων,
1112 2105 1166 2183 otc
1184 2107 1273 2184 εἴτις

170 2208 440 2296 ίξαριθμήσασθαι
457 2213 626 2294 βουληθείη
632 2258 643 2291 ,
670 2216 849 2298 σνγγραρῆς
864 2210 949 2297 αὐτῷ
964 2213 1147 2290 πολυυτίχυυ
1162 2208 1271 2293 δεήσει.
1335 2257 1337 2264 ·

169 2314 237 2400 περὶ
258 2311 317 2399 γάρ
339 2319 396 2377 τοῦ
417 2313 558 2398 πλήθους
577 2320 638 2379 τῶν
651 2317 719 2401 περὶ
734 2314 790 2398 τὴν
801 2310 965 2398 βασιλικὴν
981 2316 1149 2398 θεραπείαν
1165 2311 1271 2377 adacei-

127 2432 247 2498 λοχων,
274 2418 323 2479 καὶ
343 2412 385 2493 ὡς
404 2417 433 2480 oi
451 2424 585 2482 πλεῖστοι
603 2415 735 2495 τούτων,
761 2415 828 2483 ὅσοι
849 2414 985 2499 μάλιστα
1006 2422 1066 2482 τῶν
1084 2416 1186 2481 ἄλλων
1203 2415 1270 2507 ὥρη

169 2519 328 2607 διέφερον,
358 2517 510 2605 ἄρχοντάς
523 2546 555 2585 τε
574 2520 627 2596 οὓς
642 2518 810 2603 ἠβούλοντο
827 2507 965 2606 παρῆγον
982 2523 1025 2595 εἷς
1040 2521 1134 2602 μέσον
1150 2523 1199 2583 καλ
1215 2528 1271 2603 τῆς

166 2623 324 2705 βασιλείας
347 2618 468 2706 ἁπάσης
489 2623 546 2707 τὴν
567 2620 759 2710 ἐπικράτειαν
777 2622 883 2706 ἴσχον,
907 2621 964 2705 τὴν
982 2628 1038 2687 τοῦ
1054 2620 1269 2705 βασιλεύοντος

239 2786 253 2839 1
273 2781 421 2853 εἰργάσατο
439 2787 471 2839 Se
488 2784 546 2837 libri
565 2780 757 2851 ἐργασάμενος.
847 2779 991 2852 ἱππάρχου
1008 2782 1193 2836 Ιιεοπσίειτίστε
1210 2783 1269 2837 libri

234 2850 373 2922 ὑπάρχου.
482 2855 500 2907 4
518 2850 572 2907 ὅσα
589 2855 611 2907 L
628 2871 731 2923 margo:
749 2847 827 2917 ὅσοις
842 2854 874 2908 Ρ.
984 2854 1002 2907 7
1019 2848 1054 2907 oti
1071 2849 1144 2905 mai
1161 2850 1269 2920 μέροςί

234 2927 267 2979 21
286 2941 316 2977 τε
333 2916 385 2985 οδε
401 2925 444 2978 Ra
459 2920 530 2985 τέως
544 2924 597 2977 LP.
1247 2926 1251 2936 “

165 3078 236 3114 mero
247 3060 333 3131 ploras
344 3078 418 3131 quani
430 3066 506 3113 autea
526 3060 649 3126 luissent,
666 3059 786 3115 instituit
820 3058 916 3130 quippe
930 3072 985 3111 cum
995 3072 1062 3111 unus
1073 3063 1142 3110 esset
1154 3057 1268 3127 equitum

164 3132 287 3199 magister
304 3140 332 3183 et
348 3149 412 3183 unus
432 3130 519 3183 itidem
539 3130 653 3199 peditura
670 3132 831 3199 praefectus,
848 3129 962 3199 pluribus
973 3144 1047 3195 quara
1060 3128 1173 3195 quinque
1183 3128 1268 3194 magi·

165 3208 262 3253 stratus
273 3201 351 3253 basae
362 3199 503 3265 distribuit,
523 3208 551 3251 et
562 3200 610 3251 boc
622 3200 677 3268 ipso
689 3200 778 3251 liscum
798 3199 914 3268 pluribus
933 3197 1037 3248 annonis
1052 3196 1189 3263 gravavitz
1216 3214 1266 3249 nou

165 3268 232 3321 euim
252 3269 358 3338 amplias
375 3270 474 3323 duobus
490 3268 664 3321 tantummodo
677 3268 800 3335 ducibus,
818 3267 866 3320 sed
878 3266 989 3335 quinque
999 3266 1042 3317 vel
1054 3265 1168 3333 pluribus
1180 3265 1265 3328 etiarn,

165 3352 331 3404 quaecunque
351 3340 425 3391 duum
442 3338 540 3390 illorum
556 3338 663 3407 quilibet
674 3345 734 3389 ante
745 3336 893 3400 habuisset,
909 3335 1109 3403 praebebantur.
1142 3332 1214 3385 simul
1227 3342 1267 3387 tot

164 3403 356 3471 magistratuum
369 3408 494 3459 avaritias
505 3408 595 3459 milites
607 3408 740 3476 exposuita
759 3424 816 3458 nana
829 3404 937 3475 quilibet
948 3421 1035 3455 eorum
1047 3421 1096 3455 aon
1109 3412 1206 3471 partem
1218 3403 1265 3456 sed

164 3474 289 3539 solidum,
306 3492 338 3525 ac
355 3476 376 3528 si
395 3476 445 3527 duo
459 3484 555 3528 tantum
569 3484 668 3543 essent,
687 3475 865 3544 cauponariam
878 3474 1004 3542 quandam
1016 3490 1048 3525 ex
1059 3472 1207 3523 militaribus
1218 3491 1265 3525 atr·

163 3542 235 3595 nonis
246 3542 382 3595 factitando
395 3545 515 3612 colligere
525 3544 622 3597 lucrum
634 3543 747 3596 volebat.
779 3562 826 3596 nec
837 3543 877 3596 bis
888 3551 1021 3595 contentus
1032 3542 1104 3593 etiarn
1118 3544 1264 3611 praefectos

162 3612 258 3665 alarum
277 3620 466 3681 tenueruntque
485 3614 562 3665 duces
582 3622 610 3665 et
628 3614 742 3665 tribunos
752 3620 888 3682 tantopere
899 3611 1020 3677 adauxit,
1037 3610 1076 3662 uti
1087 3612 1164 3680 duplo
1177 3612 1263 3679 plures

162 3698 237 3751 quarn
249 3680 319 3749 prius
330 3690 416 3733 essent
427 3689 487 3752 post
498 3700 526 3734 ae
538 3682 683 3750 reliquerit,
701 3690 729 3735 et
739 3682 832 3734 milites
841 3680 943 3735 iuterim
954 3680 1014 3732 nibil
1025 3696 1112 3732 eorum
1123 3681 1263 3749 quaeipsis

160 3768 193 3804 ex
206 3751 269 3803 fisco
283 3749 469 3819 praebebantur
481 3751 638 3819 acciperent.

229 3820 274 3874 28.
308 3818 360 3869 Sed
380 3818 429 3871 buo
446 3819 546 3887 quidem
563 3816 724 3889 imperatoris
734 3817 890 3887 negligentia
900 3822 928 3869 et
938 3814 1034 3869 enormi
1046 3814 1154 3868 avaritia
1165 3834 1207 3870 rea
1218 3834 1262 3868 re·

161 3886 218 3941 driu
253 3888 318 3940 tanti
330 3904 393 3941 vero
405 3896 520 3957 sumptus
531 3888 557 3941 in
568 3905 679 3942 mensam
689 3888 850 3957 imperatoris
862 3884 984 3953 erogandi
1004 3885 1099 3954 prinam
1112 3892 1202 3936 auctor
1214 3904 1262 3938 ex·

160 3958 244 4023 stitit,
260 3965 290 4009 ut
309 3966 414 4026 propter
431 3960 542 4009 arborum
556 3957 740 4011 multitudinem
754 3966 781 4009 et
789 3958 816 4009 in
827 3955 867 4008 bis
877 3954 1031 4025 apparandis
1042 3952 1164 4005 lautitienr
1175 3970 1263 4023 popu·

161 4026 232 4081 losse
254 4043 392 4093 coquorum
411 4036 439 4079 et
456 4026 633 4094 pocillatorurn
646 4033 673 4079 et
683 4026 791 4079 aliorum
804 4022 1141 4085 cobortesiastituerentur3
1159 4024 1259 4090 quassi

161 4097 219 4171 quis
231 4112 379 4147 enumerare
390 4094 514 4161 voluerit,
528 4096 644 4216 prolixae
662 4095 805 4215 scriptionis
816 4092 950 4160 indigebit.
985 4108 1042 4143 nam
1053 4090 1087 4143 de
1097 4089 1260 4145 multitudino

161 4164 348 4217 inservientium
360 4163 469 4235 principi
480 4182 526 4234 aps
547 4182 634 4231 ortum,
652 4183 702 4233 quo
720 4182 771 4233 que
782 4164 925 4232 complures
936 4162 1039 4228 bortum,
1056 4160 1204 4229 praesertim
1216 4163 1260 4230 qui

162 4232 254 4284 ceteris
272 4235 352 4286 fornia
372 4236 553 4303 praestabant,
577 4244 629 4286 tara
642 4235 773 4303 praesides
792 4231 820 4283 iu
832 4230 941 4283 medium
953 4229 1125 4299 producerent
1135 4246 1180 4282 eoa
1193 4247 1258 4299 quos

159 4300 208 4371 ipsi
220 4300 331 4369 redeat,
349 4320 424 4373 quam
435 4302 505 4373 quod
516 4312 598 4357 totum
612 4302 743 4375 imperium
755 4302 782 4355 iu
794 4318 843 4356 sus
852 4307 983 4373 potestate
993 4299 1136 4367 habereut,
1152 4306 1179 4353 et
1192 4316 1258 4370 qao-
1333 4297 1336 4306 ’
