3025 4892
236 306 308 379 186
532 268 541 279 ’
662 349 666 359 ·
708 306 856 374 zosnn

230 476 381 562 βασιλέως
399 478 527 546 ἐδέονιο.
579 484 634 546 ruri
655 478 687 545 ll
707 477 762 545 οῶκ
781 477 1021 564 άποσεισαμίνου
1037 478 1093 566 τὴν
1112 478 1247 566 σίτησιν,
1269 478 1332 566 ἐγί-

231 610 317 649 νοντο
339 568 467 650 σπονδαί
483 582 528 667 μὴ
552 580 810 667 καταισχάνουσαι
831 583 886 668 τὴν
896 580 1054 667 Ῥωμαίων
1075 584 1216 662 ἀξίωσιν·
1234 582 1331 649 ἐδόκει

230 687 289 774 γὰρ
310 684 480 769 Ῥωμαίους
504 687 559 768 μίν
587 684 664 770 ἐχειν
682 686 760 770 μετά
784 684 885 772 πάσης
908 687 1077 775 ἀσφαλείας
1098 687 1157 754 ὅσα
1183 685 1329 775 πρότερον

231 786 328 873 εἶχον,
353 788 525 877 βαρβάροις
547 814 578 857 τε
601 789 774 876 άτιέγνωστο
793 790 838 875 μὴ
858 798 1062 878 περαιοῦσθαι
1074 792 1152 875 μηδὲ
1166 790 1244 868 ὅλως
1256 792 1329 857 ποτέ
1359 870 1365 879 ¹

231 904 294 971 τοῖς
311 890 469 976 Ῥωμαίων
488 895 649 977 ἐπιβαίνειν
670 890 774 981 ὁρίοις.
825 892 939 979 ταύτην
958 892 1160 978 ποιησάμενος
1176 894 1231 978 τὴν
1246 892 1354 981 ὤρη-5

230 1022 285 1080 νην
299 1000 340 1074 είς
352 998 408 1081 τὴν
421 993 742 1063 Κωνσταντινοάπολιν
767 996 936 1089 ἀφικνεῖται
942 1046 952 1078 ,
978 995 1211 1083 τελευτήσαντος
1227 1000 1260 1063 ll
1273 1004 1328 1063 τοῦ

229 1108 284 1183 τῆς
297 1101 392 1184 αὐλῆς
407 1098 547 1188 ὑπάρχου
568 1101 723 1191 Medione
738 1099 852 1187 ταάτην
867 1103 1060 1191 παραδίδωσι
1075 1101 1131 1185 τὴν
1145 1098 1250 1189 ἀρχήν.
1265 1102 1328 1203 ὶκοιλ

229 1210 327 1269 ταῦτα
361 1200 442 1269 οὕτω
476 1202 706 1289 διοικησάμενος
739 1206 789 1271 ἐπὶ
825 1204 880 1272 τὸν
914 1205 994 1271 κατὰ
1034 1198 1167 1292 Περσῶν
1190 1205 1326 1290 ἠπείγετο

228 1302 371 1391 πόλεμον.

312 1408 390 1478 ⁸12.
435 1406 552 1488 Ὄντος
572 1410 606 1475 δὲ
625 1410 656 1476 ἐν
680 1418 888 1499 παρασκευαῖς
904 1408 1016 1490 αῶτοῦ,
1044 1405 1369 1487 Οῶαλεντινιανὸςίιλο

227 1512 373 1595 βασιλεὺς
390 1512 430 1580 τά
453 1516 521 1601 περὶ
546 1513 619 1592 τούς
642 1516 673 1578 Γ
670 1514 820 1601 ερμανοιλς
840 1505 874 1580 εὖ
896 1515 1078 1598 διαθέμενος
1095 1511 1185 1604 ᾠήθη
1202 1516 1325 1579 istrael

228 1622 282 1699 τῆς
309 1618 351 1693 εἰς
370 1616 405 1684 τὸ
426 1618 539 1699 μέλλον
559 1618 730 1705 ἀσφαλείας
749 1624 811 1684 τῶν
833 1620 988 1683 Κελτικῶν
1013 1619 1113 1682 ἐθνῶν
1134 1614 1325 1699 ποιήσασθαι

227 1715 381 1806 πρόνοιαν.
431 1724 571 1787 νεολαίαν
592 1712 646 1787 οἶν
660 1718 706 1786 ὅτι
723 1723 865 1805 πλείστην
879 1720 1032 1808 ἀθροίσας
1050 1720 1083 1785 ἐκ
1098 1746 1130 1786 τε
1149 1727 1210 1785 τῶν
1227 1745 1323 1807 προσ-

227 1820 390 1889 οιιιοάντων
414 1830 459 1913 τῷ
474 1820 571 1913 Ῥήνῳ
585 1824 756 1913 βαρβάρων
769 1829 822 1889 καί
835 1826 869 1889 ἐκ
883 1830 944 1890 τῶν
958 1824 1067 1901 ἐντοῖς
1081 1821 1142 1888 sini
1156 1820 1324 1905 Ῥωμαίους

225 1924 328 1991 ibren
343 1932 499 2013 γεωργῶν,
524 1938 588 2005 τοῖς
603 1936 830 2015 στρατιωτικοῖς
843 1928 1043 2012 ἐγναταλέξας
1059 1924 1208 2012 τάγμασιν
1225 1926 1321 2003 οὕτως
1330 1942 1365 2000 15

225 2027 337 2105 αὖτοῧς
348 2028 492 2114 ἐξήσκησε
508 2030 548 2094 τά
566 2032 696 2113 πολέμια
712 2028 789 2095 ῶστε
807 2027 897 2118 φόβῳ
910 2008 1050 2118 τῆςέπερλ
1067 2029 1106 2096 τά
1122 2035 1249 2095 τοιαῦτα
1261 2036 1322 2095 τῶν

224 2139 419 2217 στρατιωτῶν
435 2132 563 2216 μελίτης
574 2136 629 2198 ’καὶ
647 2135 753 2222 πείρας
773 2134 857 2198 ἐννία
874 2133 947 2211 τοὺς
962 2132 1078 2210 πάντας
1091 2134 1246 2209 ἐνιαυτοὺς
1259 2161 1321 2217 μη-

225 2235 296 2299 ιλίνα
312 2241 373 2299 τῶν
389 2232 464 2323 ίιπέρ
480 2235 533 2305 τὸν
544 2234 732 2319 Ῥῆνονταῖς
752 2232 812 2302 ὕπὸ
827 2233 997 2320 Ῥωμαίους
1011 2234 1133 2303 πόλεσιν
1149 2238 1321 2319 ἐνοχλῆσαι.

223 2336 302 2402 κατά
325 2335 411 2405 τόνδε
433 2338 488 2430 τὸν
506 2336 619 2427 χρόνον
644 2337 901 2421 Οὗαλεντινιανάς,
925 2338 977 2407 διά
992 2367 1060 2405 τινα
1075 2337 1320 2423 πλημμελήματα

223 2440 277 2523 τὴν
299 2442 504 2527 Βρεττανικὴν
524 2448 617 2527 νῆσον
639 2446 729 2510 οἶκεῖν
749 2446 940 2525 κελευσθείς,
971 2445 1148 2526 ἐπιθίμενος
1164 2444 1362 2528 τυραννιίλιεο

222 2546 409 2611 συναπέθετο
423 2543 519 2633 rainy
534 2546 587 2612 τὸν
598 2550 677 2631 βίον.
731 2548 971 2635 Οὗαλεντινιανῷ
987 2549 1021 2617 te·
1036 2552 1081 2635 τῷ
1097 2552 1222 2629 βασιλεῖ
1230 2542 1318 2622 νόσος

221 2646 403 2732 ἐνίσκηηιεν,
427 2648 494 2735 ἥτις
516 2649 609 2716 αὐτὸν
632 2652 718 2741 παρὰ
736 2652 840 2740 βραχίι
863 2658 918 2717 τοῦ
930 2653 1000 2734 βίου
1013 2649 1204 2734 μετέστησεν.
1254 2650 1318 2714 ἐπεί

290 2844 324 2897 18
343 2837 498 2911 Ῥωμαίους
517 2847 551 2899 S:
572 2846 633 2900 libri
648 2840 802 2915 Ῥωμαίων.
939 2848 973 2901 19
996 2844 1127 2899 Ammiano
1149 2844 1316 2909 Volcacium

287 2914 401 2965 nonnulli
418 2920 503 2967 tannen
522 2916 576 2968 eius
595 2916 712 2985 codices,
729 2925 756 2971 et
772 2916 942 2987 Hieronymus
955 2916 1005 2969 boc
1015 2932 1105 2969 uoneu
1114 2955 1123 2983 ,
1139 2920 1170 2967 ut
1189 2913 1314 2981 Ζοιίοιιιι,

287 2983 411 3052 scriptum
424 2983 552 3041 exhibent.
568 2984 604 3039 R.

219 3146 282 3201 tudo
294 3148 428 3220 periisset,
444 3152 537 3222 reliqui
556 3170 645 3235 pacem
662 3153 695 3205 ab
712 3152 868 3222 imperatore
883 3152 1007 3222 petebant
1017 3152 1153 3223 supplices.
1186 3152 1211 3205 id
1225 3155 1314 3223 postu·

218 3218 295 3271 latunr
307 3218 351 3272 ille
362 3237 418 3273 cunr
430 3238 480 3275 nun
492 3223 633 3291 reiecisset,
646 3239 695 3293 pax
706 3223 778 3275 iacta
791 3221 848 3289 fuit,
865 3240 932 3291 quae
943 3223 1037 3276 nullum
1048 3222 1172 3275 suaioenti
1184 3222 1313 3274 Romanae

218 3286 327 3339 dedecus
344 3290 443 3342 attulit:
461 3302 518 3342 narn
535 3292 654 3361 utrinque
671 3291 767 3361 placuit
783 3297 813 3341 ut
824 3291 923 3343 omnino
934 3291 1042 3345 Romani
1053 3308 1142 3343 secure
1173 3289 1313 3342 assiderent

218 3372 266 3421 aa,
286 3374 451 3426 quaecunque
468 3358 539 3427 prius
556 3366 630 3411 erant
647 3360 674 3411 in
691 3375 779 3412 eorum
797 3366 943 3429 potestar03
960 3360 1127 3428 barbarieque
1157 3358 1195 3410 uit
1205 3358 1313 3411 interdi-

218 3432 286 3476 ctum
304 3443 337 3477 ne
355 3425 532 3478 transiicercnt
546 3445 613 3481 neve
630 3444 735 3497 prorsus
752 3444 861 3497 unquam
878 3430 1008 3482 Romanos
1022 3429 1090 3480 intra
1101 3429 1164 3480 fines
1175 3429 1311 3483 irruerent.

217 3492 263 3543 lunc
274 3510 339 3561 pace
350 3494 418 3546 iacta
430 3494 529 3564 cpolim
541 3496 717 3566 proficiscitur.
751 3503 779 3549 et
796 3496 856 3567 quia
871 3498 1016 3568 praefectus
1026 3496 1151 3568 praetorii
1161 3496 1227 3549 diem
1238 3512 1310 3549 suunt

215 3559 241 3611 in
257 3560 332 3614 terris
350 3577 493 3631 supremum
509 3565 651 3634 clauserat,
667 3566 785 3618 Modesto
802 3566 974 3633 magistratum
991 3568 1058 3618 buno
1071 3566 1165 3629 tradit;
1182 3571 1260 3633 atque
1270 3565 1311 3619 uis

215 3628 240 3681 in
252 3631 318 3682 hunc
330 3632 430 3684 modum
442 3632 621 3689 administratis
632 3634 663 3689 ad
673 3634 767 3687 bellum
779 3642 868 3687 contra
878 3637 972 3689 Persas
982 3635 1120 3718 gerendum
1132 3641 1267 3704 properat:

286 3702 325 3754 12.
360 3702 389 3753 ln
409 3702 463 3755 eius
481 3711 607 3775 apparatu
627 3704 685 3755 dum
703 3709 851 3774 occupatur,
868 3704 1058 3759 Valentinianus
1068 3704 1213 3777 imperator,
1234 3704 1309 3755 rebus

214 3766 373 3821 Germanicis
383 3778 455 3825 recta
466 3773 617 3838 conutitutis,
629 3773 780 3826 infuturum
792 3787 894 3843 quoque
903 3782 1004 3843 tempus
1015 3772 1145 3827 securitati
1155 3772 1309 3825 Celticarum

214 3836 343 3890 nationum
357 3840 502 3909 prospicere
519 3858 547 3893 aa
564 3841 657 3895 daban
672 3840 809 3894 arbitratus
820 3852 868 3897 est.
902 3852 1062 3926 quapropter
1071 3842 1179 3895 marinna
1189 3841 1323 3894 iuvenum·

214 3906 375 3990 multitudine
389 3916 442 3962 turn
459 3910 492 3992 de
507 3909 623 3992 barbaris
641 3910 722 3964 Rheni
741 3910 835 3991 accolis
848 3921 900 3965 tum
911 3914 944 3965 sle
954 3912 1241 3995 subiectarumirnperi'o
1252 3910 1308 3963 Ro·
1334 3950 1337 3959 .

211 3979 863 4115 tantilli,„titillnllttllllili
881 3982 1308 4117 titillinllttnillz

213 4122 280 4165 metu
300 4121 370 4167 totos
388 4132 479 4171 norem
499 4134 580 4169 annue
600 4136 673 4171 nemo
692 4118 930 4172 transrhenanorum
947 4122 1063 4173 subiecta
1076 4117 1195 4171 Romanis
1212 4118 1307 4187 oppida

212 4181 319 4235 vexarit.
353 4182 380 4235 in
397 4183 447 4237 boc
464 4190 581 4254 tempure
596 4185 786 4239 Valentinianus
804 4188 913 4257 quidum,
930 4188 1078 4243 delictorum
1090 4186 1245 4256 quorundam
1259 4204 1319 4239 nu·-

212 4248 281 4329 uoine
290 4250 418 4319 relegatus
429 4252 455 4305 in
466 4252 571 4305 insulam
582 4254 749 4320 Britanniam,
768 4258 904 4325 tyrarruide
922 4258 1044 4311 affectata
1060 4256 1139 4308 vitam
1148 4271 1203 4306 cum
1217 4254 1306 4307 eadem

211 4325 302 4371 auant
336 4318 475 4392 inuentor
486 4328 571 4377 autera
584 4322 776 4379 Valentinianum
785 4326 873 4381 morbo
886 4336 1019 4399 correptus
1036 4331 1092 4390 est,
1108 4340 1160 4393 quo
1174 4324 1230 4376 vita
1244 4340 1306 4394 pro-
