3025 4892
301 256 304 260 ⁸
372 271 708 368 commessurus
732 258 999 369 msromcus.
1166 297 1240 374 ιιι

140 468 233 548 igitur
246 463 339 525 modo
354 464 452 546 τρισὶν
463 463 614 540 bracancio
628 463 753 526 defendi
767 475 883 546 potest,
903 469 961 528 nisi
975 466 1113 528 Zosimus
1131 489 1248 548 pecca·-

139 557 185 611 vit
202 555 235 609 in
246 571 372 615 numero
386 568 549 626 annorum,
581 561 616 610 nt
631 555 705 611 istos
718 571 796 611 coss.
812 554 1040 612 Corutantiuum
1054 557 1097 612 Ill
1112 565 1141 612 et
1156 557 1240 614 Lici·

140 641 227 712 nium
245 640 290 695 111
310 658 388 697 curro
411 641 473 704 310
491 639 666 716 assignaret.
709 635 765 696 sed
785 638 968 740 probabilius
989 639 1022 696 fit
1046 640 1240 720 librariumy

139 743 229 801 pron
248 714 416 803 scripsisse,
445 743 515 782 cum
534 722 575 781 ad
595 722 794 802 depositum‘
785 727 988 802 rmperiurnc.
1002 727 1174 789 Ychimus
1188 746 1240 786 re·

139 810 298 889 sparsisset
342 811 560 868 H..

224 914 255 971 p-
271 898 313 958 72
326 915 356 952 v.
373 898 423 957 10.
466 895 557 953 etism
568 895 703 973 Africam
716 906 747 953 et
756 895 944 953 Pannoniam
957 903 1076 954 auctore
1090 913 1240 974 anonymo

139 978 262 1037 Valesii.
305 981 418 1039 Severo
432 984 530 1040 occiso
545 981 734 1053 Maxentius,
761 982 930 1059 provincias
946 982 1008 1040 eius
1022 999 1094 1039 suae
1108 981 1240 1040 facturus

138 1059 304 1138 formulae,
327 1068 476 1144 imagines
489 1067 576 1124 iussit
590 1086 675 1141 suas,
703 1067 749 1124 uti
763 1085 829 1124 mos
843 1075 923 1140 erat,
949 1067 982 1125 iu
993 1067 1095 1125 Africa
1112 1068 1241 1124 circum-

137 1149 210 1208 ferri
226 1159 256 1208 et
270 1155 392 1230 exponi.
436 1149 498 1209 vid.
518 1171 544 1208 c.
562 1150 603 1213 14
618 1154 684 1209 init.

224 1234 377 1300 ab.v.13.
419 1238 533 1295 Zosimi
552 1237 740 1316 aliorumque
760 1237 980 1311 testimonium,
1017 1256 1058 1296 ex
1078 1237 1239 1316 illegitimo

139 1319 366 1378 Constantinum
385 1340 450 1380 esse
463 1332 569 1380 uatum
584 1324 747 1396 consortio,
777 1322 895 1381 elevare
917 1332 946 1380 at
967 1326 1144 1400 scriptorum
1167 1343 1269 1382 coum

69 1411 78 1422 ’
137 1407 264 1462 tranium
284 1405 467 1464 tradentium
489 1409 695 1465 auctoritatem
718 1408 852 1466 stabilire
879 1405 992 1466 studuit
1012 1409 1238 1483 Tillemoutius,

139 1508 199 1568 qua
221 1501 323 1549 tamen
348 1487 426 1548 nibil
443 1492 522 1550 ultra
544 1491 684 1550 effectum
706 1496 855 1551 cernimus
871 1511 961 1572 quam
975 1504 1008 1550 ut
1023 1494 1176 1572 probabile
1191 1493 1240 1550 fa-

139 1586 220 1631 ctum
234 1577 272 1632 sit
285 1580 405 1655 nuptias
420 1588 526 1656 postea
538 1578 702 1636 celebratas
720 1581 809 1636 matri
823 1580 886 1637 eius
898 1579 1050 1656 legitimae
1066 1581 1114 1638 ius
1133 1581 1239 1638 coniu-

139 1661 186 1736 gis
202 1657 331 1719 dedisse.

222 1764 253 1822 p-
273 1749 313 1808 73
329 1765 360 1804 v.
374 1750 405 1809 2.
448 1747 559 1807 incisos
580 1767 727 1828 equorum
743 1746 968 1806 acomtaurino
981 1747 1116 1824 fugiente
1131 1765 1240 1809 nervos

139 1847 223 1904 esse,
254 1834 371 1889 etiamsi
391 1833 514 1892 fabulae
537 1837 645 1892 similis
666 1831 805 1891 rideatur
818 1852 865 1890 res
884 1843 913 1890 et
927 1842 995 1910 apta
1008 1831 1242 1890 admovendam

138 1913 229 1992 fugae
247 1920 463 1995 suspicionem,
496 1939 558 1978 nou
570 1919 661 1977 modo
674 1917 764 1978 tradit
779 1921 917 1976 Zosimus
936 1916 986 1996 (id
1005 1916 1087 1996 quod
1102 1921 1240 1996 opinatus

138 2009 184 2057 est
204 1999 334 2060 Gibbon.
353 2013 376 2060 t.
398 2011 412 2066 1
438 2024 463 2062 c.
485 2003 524 2067 14
543 2016 606 2063 not.
625 2008 678 2078 13,
707 2002 836 2062 irrideus
852 2004 967 2061 Zosimi
987 2004 1240 2060 narratiunculam

137 2083 181 2149 ιιιΙ
194 2086 231 2144 ab
253 2105 288 2145 eo
310 2085 430 2168 fictam)
457 2088 628 2149 sedetiam
648 2091 790 2148 Aurelius
813 2091 913 2150 Victor
938 2097 968 2146 et
988 2107 1156 2168 anonymus
1178 2090 1240 2149 Va·

136 2170 215 2229 iasii.
973 2207 977 2215 ·

224 2256 267 2316 ib.
284 2276 315 2315 v.
329 2259 361 2321 8.
403 2259 551 2318 militibus
566 2271 682 2342 apatre
698 2257 944 2318 commendatum
958 2258 1052 2317 fuisse
1069 2258 1243 2316 Constanti-

136 2359 232 2415 num,
253 2354 319 2401 tum
332 2345 463 2402 aliitum
477 2348 644 2405 Eumenius
657 2357 759 2424 aperte
773 2344 865 2403 tradit
878 2347 990 2422 Paneg.
1008 2363 1034 2402 c.
1048 2346 1086 2406 7:
1109 2343 1242 2423 manife-

137 2437 181 2484 ste
195 2429 274 2483 euim
281 2431 381 2504 putres
393 2433 539 2487 sententia
553 2431 662 2488 alentur
674 2451 705 2488 ee
720 2433 894 2508 imperator,
916 2441 945 2488 et
960 2449 986 2488 c.
1002 2433 1039 2494 δι
1064 2425 1146 2486 illico
1161 2431 1241 2486 enim

138 2521 230 2590 atque
241 2511 294 2569 ille
307 2513 508 2592 teniesuerut
524 2525 687 2592 exemptus,
708 2520 866 2574 ιιιιινιιιιιι
879 2517 912 2572 in
927 2527 955 2572 te
970 2516 1114 2572 rorarenu‘t
1130 2515 1240 2572 exmol-

138 2606 206 2653 tus:
236 2607 264 2654 te
283 2599 362 2654 enim
387 2610 497 2656 mentes
519 2600 664 2701 oculique·
679 2602 851 2678 signarunt.
898 2601 1091 2658 Οοιιεῐιιιιῐίιιο
1114 2619 1132 2657 a
1155 2609 1240 2678 patra

137 2683 204 2759 ipso
225 2686 419 2743 commissum
441 2695 471 2743 at
491 2683 664 2744 traditum'
654 2689 816 2764 imperium
836 2687 880 2744 ait
900 2701 1069 2764 anonymus
1083 2687 1241 2744 Bianconii

137 2769 172 2824 iu
187 2765 290 2826 chron.
307 2788 339 2846 p
358 2772 430 2833 117.

222 2851 265 2911 ib
309 2852 414 2912 laudat
430 2875 500 2913 eum
521 2873 641 2938 quoque
654 2858 861 2934 Praxagoras,
887 2855 940 2934 qui
958 2863 1077 2932 praeter
1089 2855 1147 2912 ulia
1163 2855 1240 2914 scri-

137 2945 191 3015 pta
205 2940 300 2997 vitam
317 2942 505 3000 Constantini
520 2944 706 3020 composuit,
729 2959 821 3022 quam
834 2950 1008 3018 excerptam
1020 2937 1144 2999 exbibet
1154 2939 1240 2998 Pho-

137 3025 197 3082 tius
207 3023 274 3082 cod.
287 3028 339 3089 62
382 3027 493 3084 Ritter.

222 3109 265 3169 ib.
280 3129 311 3174 r.
328 3113 378 3175 10.
422 3112 461 3169 cf.
480 3112 649 3170 Zillemcnt.
665 3123 689 3171 t.
704 3107 777 3190 dp..
786 3113 859 3176 619.
901 3110 1067 3189 improbata
1080 3105 1138 3167 hac
1154 3110 1241 3168 mili-

63 3194 70 3203 '
137 3203 203 3252 trun
217 3196 362 3254 electione
378 3217 396 3257 a
409 3198 529 3263 Gaiano
543 3209 574 3256 et
585 3208 696 3276 negato
708 3198 897 3274 imperatoris
911 3198 1043 3284 nornine,
1067 3193 1240 3254 Constanti-

137 3299 194 3337 nus
209 3280 249 3337 ad
264 3283 400 3340 Caesaris
422 3281 566 3361 depulsus
589 3281 766 3360 dignitatem
786 3291 891 3359 postea
910 3291 1030 3348 auctore
1051 3280 1238 3340 Maximiano

137 3366 277 3424 Herculio
295 3369 418 3435 titulum
434 3371 562 3446 Augusti
577 3368 715 3446 sumpsit.

221 3470 252 3528 p·
221 3452 309 3528 Ρ74
320 3472 351 3519 ι.
368 3456 418 3514 16.
442 3455 605 3532 Eutropius
619 3473 658 3511 ex
673 3473 768 3533 eoque
781 3453 1007 3530 Hieronymus'
998 3469 1031 3508 ιιι
1047 3447 1157 3509 chron.
1173 3451 1239 3508 Ειι-Ι

137 3534 214 3592 sebii
238 3545 268 3592 et
286 3537 389 3594 Aurei.
411 3539 488 3596 Vict.
511 3536 673 3597 Ravennae
696 3537 885 3599 interfectum
913 3538 1060 3606 Severum
1085 3537 1237 3609 scribunt3

137 3621 220 3697 Epit-
243 3622 370 3681 Victoris
395 3623 512 3681 Romae
535 3624 581 3682 ad
601 3635 660 3681 tres
686 3621 827 3680 tuberum
851 3625 1043 3689 exstinctum,
1098 3625 1237 3682 Zosimus

137 3705 239 3762 lucem
253 3707 387 3784 aliquam
401 3707 507 3767 afferre
517 3709 653 3777 videtur:
683 3710 829 3773 Severum
844 3705 996 3766 desertum
1008 3725 1025 3774 a
1039 3707 1103 3774 suis
1115 3707 1238 3765 Raveu-
1304 3745 1307 3754 ·

136 3809 226 3863 uem,
247 3791 353 3849 urbem
364 3797 528 3868 munitam,
558 3796 743 3873 confugisse,
765 3791 837 3861 inde
850 3793 984 3856 Herculii
999 3789 1152 3855 blanditiis
1165 3809 1237 3868 per-.-

138 3885 267 3932 tractum
277 3887 311 3935 ut
322 3879 449 3936 Romam
461 3882 586 3955 reniret,
611 3884 644 3938 in
657 3882 763 3939 itinere
776 3883 808 3936 in
823 3875 947 3939 insidias
962 3875 1103 3936 incidisse
1119 3895 1154 3934 eo
1170 3876 1239 3934 loca

139 3964 191 4039 qui
204 3961 250 4019 ad
267 3963 338 4020 [l'res
358 3963 510 4033 Tabernas
523 3964 641 4025 dicitur.
663 3976 696 4027 at
714 3965 785 4024 tra
804 3961 957 4021 Tabemae
971 3963 1039 4024 Fori
1050 3962 1143 4039 Appii
1159 3959 1238 4020 ultra

137 4046 244 4106 urbem
263 4059 333 4106 suut
347 4051 543 4110 Terracinam
556 4052 711 4113 euntibus:
732 4052 864 4110 Severus
878 4057 978 4107 autern
989 4049 1131 4110 Ravenna
1147 4043 1239 4104 dece-

138 4127 211 4198 dens
232 4136 315 4211 prius
337 4137 565 4194 inTerracinae
586 4147 714 4203 tractum
732 4136 870 4213 pervenit
882 4151 974 4214 quam
988 4128 1137 4190 Romami
1181 4149 1239 4208 ego

138 4225 239 4274 autem
258 4238 320 4277 non
340 4218 445 4280 dubito
460 4222 538 4280 illas
558 4232 620 4282 tres
636 4222 792 4279 Tabernae
807 4221 838 4277 iu
855 4237 927 4296 agro
943 4219 1116 4276 Ravennate
1132 4216 1238 4288 fuisse,

137 4319 236 4383 ¹²⁸⁸l¹¹⁰
249 4304 337 4372 ⁸¹1¹ss
348 4325 437 4386 1²⁰⁸oe
450 4308 554 4388 colligi
565 4325 606 4370 cx
618 4305 717 4376 verbis
729 4305 856 4376 Zositn's.
875 4305 1007 4369 altemm
1020 4313 1121 4366 autam
1136 4303 1241 4366 viam
