3025 4892
239 327 312 401 150
638 306 642 314 '
713 327 863 396 zosrm

235 508 274 588 τῇ
288 505 411 586 μηχανῇ
425 493 620 582 πανταχόθεν
632 497 894 584 καταβαλλόμενοι
910 500 999 585 μέχρι
1015 498 1072 582 μίν
1086 521 1168 574 τινος
1184 493 1339 580 όντίσχον,

235 609 430 680 τελευτῶντες
442 604 476 668 δὲ
489 600 635 693 ὁμολογία
650 605 706 688 τὴν
722 595 887 690 ἀκρόπολιν
901 601 1067 686 δπίσχοντο
1084 597 1287 688 παραδώσειν,
1313 603 1341 665 εί

235 704 359 793 μέτριόν
371 733 402 772 τι
418 707 503 794 παρὰ
517 712 574 772 τοῦ
587 709 739 790 βασιλέως
755 708 860 784 αὐτοῖς
875 705 1058 794 εἰπαρχθείη.
1109 707 1162 770 καὶ
1188 700 1341 769 συνεδόκει

235 818 298 877 τῶν
311 809 397 876 ίνδον
413 813 547 898 Περσῶν
562 811 689 878 ἕκαστον
704 811 757 876 διδ
773 813 867 895 μέσον
881 817 938 877 τοῦ
951 807 1178 897 στρατεύματος
1193 807 1342 894 ἀσφαλῶς

238 919 401 996 διαβῆναι,
426 911 518 1000 ῥητὸν
540 911 685 1000 δρηῶριον
704 917 755 980 καί
778 912 899 998 ἱμάτιον
916 913 1042 997 ίχοντιι,
1073 914 1292 999 παραδοθῆναι
1308 910 1366 975 δίό

237 1023 283 1104 τῷ
294 1023 421 1098 βασιλεῖ
432 1016 488 1100 τὴν
503 1015 677 1101 ἀκρόπολιν.
728 1009 766 1083 οδ
789 1019 828 1104 δὴ
848 1014 1004 1103 γεγονότος
1030 1015 1139 1103 ἄνδρες
1165 1015 1341 1102 ἀφείθησαν

214 1110 472 1202 ’πεντακισχίλιοι
494 1120 566 1206 περί
586 1145 645 1185 που
670 1120 723 1187 τὸν
745 1119 900 1210 ἀριθμόν,
927 1122 998 1204 δίχα
1013 1126 1074 1186 τῶν
1088 1119 1204 1194 πλοίοις
1223 1127 1342 1204 μικροῖς

129 1251 135 1263 ·
238 1223 291 1288 διδ
304 1229 359 1306 τῆς
376 1221 526 1310 διώρυχος
539 1225 611 1288 δίων
627 1249 660 1291 τε
675 1226 841 1311 γενομένων
860 1227 1029 1312 διαφυγεῖν.
1065 1226 1231 1305 συνεξῆλθε
1250 1221 1283 1286 δὲ
1299 1226 1343 1309 τῷ

238 1323 351 1409 πλήθει
367 1328 418 1390 καὶ
433 1323 633 1414 Μομόσειρος
645 1327 762 1395 τούτων
778 1326 953 1414 ἡγούμενος.
992 1333 1099 1392 τοῦτον
1112 1327 1145 1390 dd
1160 1325 1214 1390 τόν
1229 1321 1344 1410 τρόπον

239 1433 291 1494 καί
305 1435 361 1512 τῆς
376 1426 568 1516 ἀκροπόλεως
585 1431 777 1519 αἷρεθείσης,
804 1431 927 1518 ίρευναν
946 1429 976 1496 oi
993 1425 1177 1519 στρατιῶται
1195 1435 1256 1494 τῶν
1271 1429 1342 1491 ίνα-
1352 1437 1386 1491 10

239 1532 423 1615 ποκειμίνων
445 1530 619 1615 ποιοόμενοι
642 1533 733 1601 σῖτόν
749 1561 781 1602 τε
807 1535 936 1600 ι’ίπλετον
953 1525 1041 1620 εὗρον
1057 1536 1108 1598 καί
1122 1529 1201 1597 ὅπλα
1215 1540 1344 1596 παντοῖα

241 1638 292 1700 καί
312 1632 519 1719 μηχανήματα
539 1639 591 1702 καί
611 1637 744 1704 ίπίπλιον
767 1644 888 1723 πλῆθος
909 1638 946 1702 οὐ
968 1639 1092 1724 μέτριον
1113 1637 1164 1700 καί
1180 1641 1236 1718 τῆς
1251 1632 1347 1716 δίλλης

241 1739 422 1822 ἀποσκευῆς.
444 1741 570 1823 τοῦμὲν
590 1733 644 1806 οὖν
660 1744 745 1808 σίτου
758 1741 794 1809 τό
810 1743 900 1808 πλέον
917 1741 1082 1824 ἐναπετίθη
1097 1747 1161 1816 τοίς
1173 1738 1289 1813 πλοίοις
1304 1738 1346 1812 είς

242 1842 422 1930 ἀποτροφὴν
437 1848 494 1908 rori
509 1851 658 1929 στρατοῦ,
680 1847 773 1933 μέρος
790 1847 823 1910 δὲ
833 1842 942 1912 τούτου
958 1848 1009 1909 καὶ
1022 1843 1108 1909 αὐτοὶ
1124 1841 1203 1928 πρὸς
1219 1839 1347 1915 ἑαυτοὺς

242 1944 445 2029 διενείμαντο,
469 1947 522 2009 καί
543 1949 615 2029 δίχα
637 1954 693 2031 τῆς
714 1951 864 2031 δημοσίας
886 1944 1032 2028 σιτήσεως
1052 1937 1088 2028 ἦς
1108 1941 1204 2028 είχον·
1229 1951 1291 2010 τῶν
1313 1942 1347 2007 δέ
1355 1945 1388 2002 15

242 2044 345 2112 ὃπλων
368 2045 428 2112 ὅσα
446 2048 503 2129 μὲν
524 2048 678 2133 ἐπιτήδεια
693 2046 856 2133 Ῥωμαίοις
875 2048 971 2115 ἐδόκει
995 2048 1072 2135 πρδς
1099 2045 1232 2129 πόλεμον
1259 2043 1346 2126 εἶναι,

209 2221 213 2228 ,
241 2155 341 2215 ταῦτα
361 2152 621 2239 τῷστρατοπέδῳ
642 2151 788 2238 διεδόθη,
821 2153 862 2220 τὰ
885 2154 918 2217 δὲ
937 2155 1078 2238 Περσικῇ
1096 2148 1190 2234 μόνον
1211 2146 1347 2236 ἁρμόδια

240 2250 364 2338 χρήσει,
391 2253 495 2330 adroic
516 2255 549 2320 δέ
571 2256 686 2335 οὐκέτι,
712 2257 753 2342 τὰ
767 2255 823 2340 μὲν
837 2258 909 2342 πυρὶ
927 2252 1162 2342 παρεδόθησαν,
1195 2252 1236 2320 τὰ
1255 2254 1289 2317 δὲ
1302 2257 1348 2339 τῷ

242 2361 373 2442 ποταμῷ
387 2357 538 2443 φίρισθιιι
553 2360 604 2423 καί
619 2357 831 2426 καταδύεσθαι
852 2356 1076 2446 συνεχώρησαν.
1128 2359 1269 2422 ίντεῦθεν
1290 2355 1348 2438 οὐχ

242 2455 263 2540 ἡ
279 2464 415 2541 τυχοῦσα
428 2465 473 2545 τῷ
488 2458 646 2544 Ῥωμαίων
660 2460 810 2545 ἀξιώματι
826 2459 1107 2549 προσεγίνετοδόξα
1116 2509 1125 2540 ,
1158 2458 1276 2536 πόλεως
1291 2467 1391 2542 ree-22

244 2559 341 2646 μάλης
353 2563 404 2626 καί
417 2568 479 2628 τῶν
493 2566 525 2630 ἐν
537 2565 683 2656 Ἀσσυρίη
704 2567 783 2649 μετὰ
797 2567 1005 2653 Κτησιφῶντα
1020 2566 1181 2650 μεγίστης,
1218 2560 1299 2630 οὕτω
1315 2587 1349 2628 τε

244 2664 465 2752 ῶχυρωμίνης,
491 2669 523 2733 ἐν
538 2666 593 2734 tto
610 2667 720 2754 μόναις
736 2665 865 2758 ἡμέραις
879 2669 959 2736 κατὰ
974 2665 1086 2756 κρότος
1099 2665 1241 2750 ἁλούσης.
1294 2665 1347 2754 ἐφ’

314 2863 333 2917 7
350 2859 409 2914 libri
425 2865 551 2930 μακροῖς.
585 2880 645 2917 oorr
661 2863 834 2918 Leunolovius
854 2881 887 2920 er
904 2865 1037 2918 Ammiano
1058 2863 1093 2917 24
1114 2863 1148 2916 22
1172 2877 1234 2914 ποια
1246 2867 1350 2913 cortem

315 2931 456 2984 noltitodo
466 2933 593 2986 obsidium
604 2941 665 2987 onte
674 2941 835 3002 ιιιιμοτίαπε,
859 2935 978 3004 nooigis'o
994 2934 1112 3002 porois
1129 2937 1261 3000 permeato
1274 2945 1351 2980 αοιιιε

315 3000 441 3053 &cessit
579 3003 597 3056 9
621 3003 752 3055 Ammiano
775 3004 962 3067 Mamersides,
988 3002 1178 3070 promidiorum
1193 3001 1349 3068 praefectus.

317 3069 351 3122 19
368 3069 549 3138 oongruoutios
565 3069 810 3142 ουνεχωρήθηοαν.
829 3071 864 3128 S:
885 3089 934 3142 ego
951 3078 1028 3126 antee
1044 3069 1128 3125 sualim
1144 3065 1314 3138 παρέδοσαν.

247 3235 365 3291 moobino
380 3237 493 3308 undique
511 3239 722 3307 deturbarentur,
747 3241 894 3311 aliquandiu
906 3241 1005 3312 quidem
1016 3241 1052 3294 illl
1065 3238 1233 3304 resistebant,
1258 3237 1305 3290 sed
1316 3235 1350 3289 sd

249 3316 390 3360 extremum
400 3307 536 3360 deditionis
546 3311 605 3376 lege
614 3327 643 3361 se
653 3310 792 3363 tradituros
804 3327 888 3364 urcem
899 3311 1074 3393 spondebant,
1092 3309 1114 3363 oi
1127 3309 1286 3361 condiciones
1303 3309 1351 3358 irn-

250 3384 356 3495 qerotor
366 3375 513 3430 moderatos
524 3379 667 3430 obtulisset.
703 3387 856 3431 conventum
870 3387 990 3450 utrmque
1002 3386 1040 3444 ut,
1057 3385 1183 3448 quotquot
1193 3379 1262 3432 intus
1277 3379 1351 3428 erunt

275 3459 358 3507 ersoe,
374 3442 465 3514 oinguli
478 3462 524 3514 per
535 3447 644 3498 medium
655 3448 792 3500 exercitum
804 3449 944 3502 Romanurn
956 3456 1012 3501 tuto
1025 3449 1173 3510 transirent,
1190 3455 1262 3498 oertn
1273 3459 1352 3515 pocu-

251 3511 295 3564 nio
307 3520 333 3563 ot
342 3519 417 3564 veste
428 3521 550 3584 eccepto,
578 3523 605 3566 ot
621 3515 769 3584 imperatori
781 3535 864 3570 urcem
877 3519 1016 3571 traderent.
1052 3534 1103 3586 quo
1114 3517 1183 3569 iacto
1194 3517 1306 3568 virorum
1318 3509 1352 3566 od

251 3579 363 3649 quinquo
374 3581 441 3634 milio
452 3583 546 3634 dimissi
560 3591 632 3652 sunt,
651 3585 766 3654 exceptis
776 3587 824 3639 illis
836 3587 880 3656 qni
890 3587 974 3655 longis
986 3585 1094 3654 navigiis
1105 3603 1152 3656 por
1162 3585 1262 3638 alveum
1275 3601 1290 3635 e
1302 3581 1353 3634 flu·

252 3649 320 3701 mino
337 3649 479 3703 derivatum
496 3651 607 3705 erodere
624 3659 770 3722 potuerant.
805 3656 873 3708 inter
885 3663 988 3709 ceteros
1001 3663 1026 3708 et
1037 3657 1089 3708 dux
1101 3671 1187 3707 eorum
1199 3651 1352 3706 Monrosirus

253 3717 348 3772 exibet
383 3721 478 3773 arcein
490 3721 665 3774 hunomodum
677 3731 770 3793 copto,
794 3724 885 3777 milites
904 3741 935 3776 oo
954 3725 1129 3796 perquirentes
1149 3740 1215 3791 queo
1230 3726 1315 3774 essent
1325 3719 1353 3772 in

254 3803 313 3840 orco
325 3787 445 3840 condito:
467 3789 590 3842 infinitam
609 3793 729 3844 frumenti
746 3795 844 3862 copiam
864 3801 892 3846 et
903 3794 984 3846 omnis
996 3793 1097 3862 generis
1108 3809 1178 3844 ormo
1189 3798 1216 3844 et
1226 3790 1353 3842 moobinus
1382 3809 1384 3814 ·

253 3865 281 3909 et
291 3857 435 3911 immensum
446 3857 500 3910 vim
512 3859 677 3926 supellectilis
691 3869 883 3931 apparatusque
894 3863 983 3946 reliqui
996 3869 1171 3932 reppererunt.
1206 3861 1288 3912 maior
1298 3859 1355 3909 iru-

254 3927 332 3980 msnti
351 3941 411 3997 poro
426 3925 460 3980 od
479 3928 606 3980 exereitus
624 3929 743 3984 alimonto
755 3931 863 3984 novibus
874 3931 991 4001 imposne
1003 3933 1064 3984 luite
1082 3939 1179 4000 purtem
1193 3935 1219 3980 et
1229 3927 1277 3998 ipsi
1290 3927 1355 3978 mili·

254 4005 304 4062 tos,
321 4003 559 4064 prsetersnnonom
572 3998 707 4065 publicam,
723 4017 799 4069 quom
809 4001 946 4064 habebunt,
963 4001 1032 4053 inter
1041 4018 1071 4053 se
1082 3998 1240 4052 dividebant.
1275 4012 1354 4058 orme,

255 4079 321 4132 quos
332 4064 454 4118 Romanis
464 4066 498 4118 od
511 4065 604 4118 bollum
614 4066 707 4120 idoneo
720 4069 882 4132 viderentur,
907 4069 1031 4124 exercitui
1048 4068 1183 4122 distributa
1200 4071 1273 4120 sunt:
1292 4073 1355 4131 apta

254 4149 317 4184 vero
326 4133 433 4187 Poroioo
444 4139 541 4188 tontum
552 4137 623 4197 usui,
639 4153 689 4189 non
702 4138 823 4191 Romanis
836 4139 970 4204 militibus,
988 4140 1079 4209 partim
1092 4138 1143 4206 igni
1154 4136 1250 4188 trudito
1261 4133 1354 4203 purtim

254 4201 287 4251 eb
298 4217 372 4254 omno
382 4203 439 4274 rupi
451 4205 597 4273 demergite
625 4207 738 4262 orruisse.
774 4208 832 4260 bino
852 4225 902 4260 non
916 4209 1009 4276 exiguo
1020 4207 1143 4260 maiestati
1153 4203 1261 4256 Romani
1272 4201 1355 4254 nomi-

254 4269 294 4321 nis
307 4271 415 4324 sooossit
426 4273 526 4339 glorio,
543 4293 593 4344 quo
622 4277 702 4345 amplo
713 4277 805 4330 oirites
817 4285 843 4330 et
854 4277 991 4330 secundum
1004 4276 1195 4344 Ctesiphontem
1207 4272 1316 4326 omnium
1327 4269 1355 4321 in

253 4339 359 4410 Assyrio
371 4341 497 4409 maximo,
514 4350 618 4416 tumque
628 4346 738 4416 munite,
753 4347 809 4402 sola
820 4347 896 4402 biduo
907 4365 954 4420 per
965 4346 1016 4402 vim
1026 4353 1104 4417 cepte
1113 4342 1210 4398 luisset.
1245 4355 1309 4412 quus
1321 4341 1355 4395 ob
