3025 4892
411 250 753 322 COMMENTARIUS
778 251 1065 324 HISTORJCUs..
1210 255 1285 328 423
1318 321 1323 328 .

178 413 266 477 fredo
288 415 426 495 (comm.
440 416 517 478 adl.
532 422 548 482 1
566 439 593 477 o.
608 416 671 480 rh.
686 416 724 478 de
737 416 855 498 indulg.
871 417 963 480 debit.
978 430 1001 480 t.
1015 419 1036 486 4
1050 441 1081 502 p.
1096 420 1197 504 212),
1220 425 1283 504 qui,

178 505 319 580 quamvis
340 505 441 563 minor
461 507 500 564 sit
519 504 675 564 literarum
690 525 759 564 oum
771 510 935 586 Βρεττανία
950 507 1130 583 similitudo,
1154 509 1283 568 scribere

176 583 292 674 Bqtthr
305 591 466 668 praeprit3
487 591 634 668 Βρεττίαν
647 592 754 649 Graeci
768 591 932 671 appellant,
954 595 1008 672 qui
1021 597 1154 674 antiquis
1165 595 1284 654 Bruttii

178 684 275 731 erant.
319 673 526 754 Olympiodori
547 675 646 734 verbis
664 673 748 734 idem
766 679 926 756 irrepserat
946 679 1052 736 vitium
1070 677 1151 758 qnod
1170 682 1203 738 in
1218 683 1281 740 Zo-

176 759 255 816 simo
275 767 336 832 est,
358 770 389 819 at
407 760 445 820 ab
469 758 585 822 aditura
599 761 663 820 iam
677 763 711 821 in
727 764 864 842 margine
882 771 1020 823 notatum
1037 772 1060 822 t.
1076 765 1094 828 1
1110 783 1143 844 p.
1160 765 1279 830 145111.

175 842 299 924 Scriptt.
312 845 388 926 Byr.

258 983 292 1045 p.
306 967 369 1030 327
385 985 417 1026 v.
432 962 466 1031 4.
506 962 571 1025 vid.
584 966 608 1026 l.
622 963 663 1031 84
680 963 719 1024 de
732 967 898 1026 navicular.
941 965 1052 1027 Ruta.

258 1081 301 1145 ib.
316 1102 347 1144 r.
361 1087 393 1149 6.
435 1092 539 1155 ,contra
551 1081 608 1146 hos
621 1095 666 1144 est
680 1086 773 1145 etiam
784 1082 950 1149 athalarici
964 1084 1097 1146 edictum
1110 1082 1192 1165 apud
1203 1087 1278 1148 (las-

172 1163 339 1228 siodorum.
381 1169 493 1228 Rr'ttar.

257 1285 300 1346 ib.
315 1307 346 1347 r.
361 1289 412 1351 10.
454 1289 675 1354 sommariis
696 1291 734 1354 8:
755 1286 976 1374 duorchrisut
995 1287 1203 1367 distractioni
1222 1283 1277 1354 dv·

170 1373 339 1456 epactam
355 1365 564 1456 αἀογεόεαθαι
577 1377 687 1456 κρεῶν.

254 1490 297 1552 ib.
313 1512 343 1552 v.
358 1497 410 1558 19.
452 1493 588 1554 Alaricbi
597 1497 772 1572 consilium,
794 1504 829 1554 ut
842 1495 1000 1577 quingenti
1011 1493 1131 1554 barbari
1144 1496 1176 1554 in
1190 1495 1274 1554 Afri-

170 1596 238 1636 cam
253 1576 292 1636 ad
306 1579 520 1638 Heraclianum
532 1579 765 1660 opprimendum
779 1579 1074 1661 recuperandamque
1088 1583 1273 1659 provinciam

169 1659 414 1741 deportarentur,
437 1668 588 1744 aspernati
605 1677 677 1726 sunt
690 1677 720 1724 et
733 1667 853 1726 Attalus
872 1677 902 1726 et
918 1675 1056 1742 senatus,
1079 1665 1273 1726 barbarorum

167 1745 240 1806 fidei
256 1745 339 1808 haud
354 1747 536 1810 credendam
550 1771 619 1810 eam
632 1773 699 1812 esse
715 1761 882 1812 censentes.

251 1865 294 1928 tt.
309 1889 341 1928 r.
353 1871 405 1934 20.
447 1869 698 1951 olympiodorum
719 1867 762 1953 μή
776 1863 1271 1954 αειθόμενοςἍπαλοςἈλαρίχφ,

165 1955 288 2041 σπουδῇ
309 1949 436 2035 μάλιστα
454 1948 586 2035 lupico,
603 1951 636 2029 ’ὃς
653 1947 694 2036 ἦν
707 1953 764 2040 rq'v
780 1955 927 2040 ‘Occator
941 1956 1104 2040 πρεσβείαν
1116 1954 1272 2038 προδεδω-

163 2031 227 2141 stcir
234 2083 244 2116 ,
261 2045 453 2121 ααθαιρεῖται
466 2045 522 2122 τῆς
534 2042 698 2122 βασιλείας.

249 2157 292 2217 it.
308 2179 339 2218 r.
353 2164 407 2226 29.
450 2155 512 2238 stoc*
528 2163 583 2239 τῆς
594 2152 760 2242 Ἀριμίνου.
803 2157 1022 2238 Philostorgius
1043 2158 1100 2239 (12
1120 2153 1155 2238 3)
1175 2159 1269 2216 Portu

162 2241 259 2324 (apud
273 2242 434 2324 Romam),
457 2245 495 2304 cf.
510 2245 706 2305 Suaomenns.
750 2244 920 2325 discrepant
942 2255 1077 2303 auctores
1100 2241 1138 2300 de
1160 2246 1267 2318 censis,

162 2330 273 2409 quibus
286 2341 453 2390 commotus
465 2329 624 2389 Alarichus
638 2329 784 2410 dignitate
797 2341 827 2388 et
838 2332 965 2410 imperio
978 2327 1119 2406 adempto
1130 2328 1267 2386 Attalum

162 2411 204 2470 ad
217 2416 366 2493 privatam
380 2414 590 2475 condicionem
604 2414 786 2478 descendere
800 2419 930 2476 iusserit.
974 2433 1043 2475 cum
1056 2415 1179 2472 Zosiruo
1193 2433 1267 2472 con-

161 2499 256 2578 spirat
270 2499 456 2559 Sozomenus
472 2502 492 2563 9
512 2503 545 2562 9.

245 2621 353 2696 {abib
367 2637 397 2677 v.
412 2617 445 2683 4.
489 2617 530 2678 af.
544 2615 788 2700 Olympiadem.
829 2615 965 2677 Placidia
986 2619 1100 2678 Romae
1118 2636 1174 2697 per
1188 2617 1264 2676 Ala-

159 2699 279 2762 riabum
291 2714 378 2782 capta
393 2712 449 2762 est.

244 2803 287 2864 ib.
301 2825 332 2866 v.
346 2810 377 2870 9.
420 2801 557 2888 βασιλέα.
598 2805 638 2865 ui.
654 2801 862 2885 Olympiodor.

243 2907 286 2968 it.
332 2905 371 2967 de
385 2908 578 2988 Apollinari,
597 2908 716 2968 Sidonii
729 2906 913 2988 Apollinaris
931 2925 1004 2980 avo,
1027 2903 1066 2964 oi.
1082 2903 1259 2965 Tillemcut.

156 2995 271 3053 Honor.
289 3003 345 3052 art.
359 2998 411 3058 27.
455 2995 632 3056 substitutus
645 2995 703 3075 ipsi
717 2995 813 3073 praef.
830 3003 925 3074 praet.
939 2992 1093 3050 Decimius
1108 2993 1258 3050 Rusticus.
1324 3027 1327 3036 ·

156 3099 229 3138 cum
248 3082 352 3160 copiae
371 3081 574 3161 superioribus
595 3085 683 3140 annis
698 3081 730 3137 in
743 3081 904 3158 Hispanias
919 3079 1028 3136 missae
1044 3094 1132 3154 aegre
1145 3076 1258 3136 ferrent

155 3166 232 3226 alios
251 3165 394 3224 barbaros
416 3167 475 3226 sibi
494 3165 648 3243 submitti,
671 3166 833 3224 Gerontia
848 3182 952 3222 earum
967 3182 1058 3242 opera
1075 3181 1147 3219 usus
1161 3180 1256 3221 novus

154 3269 204 3310 res
225 3252 349 3311 molitus
369 3251 541 3310 Maximum
559 3251 657 3310 filium
672 3252 830 3309 Caesarem
846 3251 996 3308 renuntiat
1009 3267 1036 3306 a.
1051 3244 1126 3320 409.
1170 3248 1256 3304 exci-

154 3333 263 3394 denmt
285 3333 362 3396 haec
384 3355 455 3396 cum
473 3338 599 3419 reliquis
619 3356 638 3397 a
655 3337 779 3398 Ζοιίιιιο
795 3334 852 3395 sub
866 3333 958 3430 finerq
970 3332 1060 3394 huius
1071 3331 1142 3390 libri
1156 3351 1253 3412 expo-

152 3423 229 3481 sitis.
270 3421 318 3480 Η.

238 3536 382 3603 its-14.
415 3539 664 3621 olympiodorum
677 3535 818 3622 πλήθους
830 3534 933 3624 ‹illyoc
946 3534 1123 3621 ἐπάρχοντα.
1144 3532 1251 3596 habuit

150 3619 349 3684 adducentur
363 3636 414 3684 aut
426 3637 574 3688 trecentos
584 3627 744 3704 barbaros,
765 3638 800 3686 ut
811 3647 886 3687 mox
897 3629 1037 3686 Zosimus
1051 3623 1252 3706 spectarisne,

149 3711 225 3770 item
235 3709 421 3800 szomenus
433 3713 475 3776 10
496 3716 527 3777 9.

235 3809 277 3870 ib.
322 3811 386 3873 vid.
399 3814 422 3873 l.
437 3818 458 3878 7
473 3811 539 3873 cod.
553 3811 616 3876 Th.
632 3812 801 3896 deindulg.
819 3810 912 3872 debit.
956 3813 1067 3870 Ritter.

234 3898 280 3973 r'lr.¹
296 3933 327 3973 r.
344 3913 394 3980 15.
437 3915 621 3976 Sozomenns
634 3915 657 3976 l.
672 3935 698 3975 c.
714 3917 806 3997 paulo
823 3916 925 3974 aliter:
946 3909 1081 3986 ὕποπτος
1099 3905 1144 3973 civ
1159 3904 1248 3972 Ἀλα-

148 3997 223 4086 pizp
244 3995 297 4063 tra
316 3998 465 4081 προτέραν
483 4000 605 4084 ἔχθραν.
647 4001 756 4061 eodem
772 4011 846 4060 teste
861 4001 970 4075 Surus,
992 3997 1162 4078 posthabito
1179 3997 1248 4055 foe-

148 4085 222 4144 dera
243 4096 274 4144 et
294 4087 444 4146 societatis
462 4089 543 4161 iure,
565 4084 648 4167 quod
664 4085 772 4147 Gothis
791 4084 934 4145 adversus
949 4089 1101 4145 Romanos
1118 4085 1249 4141 interce-

149 4169 257 4246 debat,
279 4169 428 4250 quosdam
450 4172 644 4230 barbarorum
662 4173 864 4231 interiecerat.
907 4173 945 4231 cb
957 4170 1037 4230 hanc
1050 4167 1173 4228 caedem
1186 4172 1249 4227 ira-

149 4265 199 4316 tus
211 4255 371 4318 Alariclrus
378 4300 388 4335 ,
410 4267 441 4318 et
452 4255 620 4319 secundum
632 4255 881 4340 olympiodorum
893 4266 1086 4338 exasperatus
1097 4251 1178 4338 quod
1191 4257 1250 4314 Sa·
