3025 4892
480 929 535 1042 c.
604 887 669 1044 G.
737 931 1135 1041 aaran

306 1135 371 1218 IN
408 1137 632 1221 NOVAM
670 1139 904 1231 zostmi
929 1139 1299 1220 EDITIONEM

373 1307 850 1402 ANNOTATIONUM
879 1307 1235 1406 PRAEFATIO.

706 1545 914 1576 ...ff-..-

146 1731 175 1786 P·
191 1713 243 1770 ω
259 1668 352 1780 Cum
375 1717 542 1780 redimendi
563 1723 661 1804 operia
684 1722 774 1785 huius
793 1723 929 1786 oondioio
945 1723 1085 1804 imposita
1103 1730 1181 1781 earet
1196 1740 1215 1779 a
1228 1718 1351 1778 librario

257 1821 350 1896 haeo,
371 1833 406 1881 ut
419 1825 447 1881 ei
460 1835 604 1903 tauquam
623 1828 813 1886 corollarium
826 1825 949 1910 aliquod
964 1845 1073 1904 operae
1087 1841 1174 1881 meae
1188 1821 1352 1897 accederet,

256 1921 398 1985 standum
417 1921 493 1980 mibi
512 1945 592 1984 nuno
612 1931 767 2006 promiaair
784 1950 849 1990 eoae
864 1929 971 2000 vide03
990 1937 1084 2007 utque
1095 1923 1155 1987 boo
1171 1944 1240 1984 aum
1254 1927 1353 1984 t'ruetu

258 2029 360 2108 aliquo
375 2022 414 2083 ad
427 2043 479 2084 eoa
493 2029 546 2107 qui
558 2029 712 2089 Zosimum
726 2031 833 2091 lectuari
847 2029 916 2091 an'nt
928 2029 1028 2104 fieret,
1050 2025 1128 2086 nibil
1142 2028 1353 2088 aooommoda-

257 2131 317 2190 tius
338 2129 437 2187 visum
459 2137 504 2186 est
525 2146 616 2209 quam
635 2140 668 2191 ut
690 2130 963 2191 animadversiones
977 2130 1138 2189 nonnullae
1151 2132 1184 2188 in
1197 2133 1353 2191 zosimum

257 2231 452 2307 subiicerem,
473 2249 551 2312 quae
567 2233 646 2293 inter
656 2232 837 2316 legendum,
858 2235 958 2294 mioair
976 2228 1016 2292 ad
1029 2251 1080 2292 me
1093 2231 1224 2314 plagulir
1237 2254 1254 2294 e
1268 2236 1353 2316 prelo

124 2338 127 2348 '
257 2333 442 2408 tenentibua3
464 2332 607 2394 rubratae
623 2348 703 2396 runt.

342 2435 457 2496 Zosimi
475 2416 583 2495 edendi
603 2439 764 2498 consiliam
780 2457 886 2513 nemo,
907 2446 998 2518 puto,
1020 2433 1190 2514 damnabit,
1211 2439 1264 2520 qui
1279 2435 1352 2498 inde

258 2559 278 2599 a
300 2541 343 2605 70
368 2539 454 2598 annia
477 2539 594 2598 nullam
613 2541 678 2600 eine
700 2539 863 2601 editionem
890 2541 1003 2599 laetam
1026 2542 1212 2616 meminerit3
1248 2541 1352 2621 itaque

260 2643 445 2722 exemplaria
465 2636 628 2701 desiderari
644 2643 757 2721 passim
771 2663 789 2701 a
801 2643 874 2702 viria
888 2641 998 2719 doctia,
1022 2652 1053 2700 et
1069 2661 1158 2722 porea
1169 2661 1274 2702 eonnn
1286 2663 1353 2704 eane

259 2763 349 2804 naum
370 2743 502 2825 aliquem
526 2744 616 2802 etiam
639 2745 672 2803 in
697 2743 809 2805 robolin
828 2743 869 2804 ad
886 2745 1022 2805 lectionis
1041 2745 1172 2804 Graecae
1193 2746 1354 2806 elementa.

260 2849 354 2908 oratio
378 2847 459 2904 enim
480 2854 525 2905 eat
542 2845 649 2924 plana,
671 2849 821 2928 simplex,
841 2846 939 2924 nuda,
958 2864 1027 2907 raro
1040 2848 1235 2928 exquisitiore
1252 2848 1354 2927 aliqua

261 2951 409 3028 elegantia
429 2949 575 3009 semonia
598 2945 734 3024 condita3
756 2959 966 3028 argumentum
985 2969 1058 3008 vero
1079 2945 1227 3007 eiusmodi
1243 2958 1277 3006 ut
1295 2967 1355 3006 nea

259 3052 349 3111 lectio
370 3069 427 3109 neo
445 3051 648 3129 interpretatio
668 3051 779 3110 multas
798 3051 901 3109 literae
921 3048 1088 3124 desideret,
1110 3058 1141 3107 et
1155 3066 1226 3106 vero
1242 3049 1354 3127 partim

215 3197 222 3219 ,
258 3154 444 3234 superiorum
462 3163 632 3233 temporum
652 3171 778 3211 recensu
791 3153 916 3210 atriotim
927 3150 1023 3226 laeto,
1045 3151 1154 3230 partim
1166 3169 1268 3209 rernm
1280 3151 1355 3211 inde

258 3275 276 3316 a
296 3253 453 3315 Gordianis
473 3262 626 3333 geatamtn
641 3254 828 3332 expositione
844 3253 990 3313 iuveniles
1006 3253 1123 3312 animoa
1133 3250 1226 3313 l'aoile
1241 3263 1353 3316 teneat.

258 3355 392 3416 monebit
403 3355 480 3414 forte
495 3355 604 3435 aliquia
618 3355 709 3435 paulo
724 3355 856 3414 severior
867 3375 930 3413 non
942 3353 1021 3412 bene
1031 3351 1073 3413 ad
1086 3357 1212 3415 aerioree
1225 3359 1353 3438 aoripto·

259 3477 307 3518 rea
321 3453 438 3517 detrudi
453 3459 597 3516 iuvenum
610 3457 749 3534 ingenia:
772 3457 821 3515 oui
832 3459 939 3536 etipse
952 3458 1115 3533 mentior,
1136 3468 1227 3539 atque
1236 3459 1279 3517 ita
1290 3469 1354 3518 rta-

258 3571 310 3619 tuo
333 3568 367 3618 ut
386 3555 426 3618 ad
450 3557 589 3618 olaaeiooa
606 3559 707 3637 potina
730 3559 889 3638 emiptorer
905 3569 1022 3618 veteres
1038 3579 1074 3617 ea
1088 3557 1268 3620 reuoluenda
1287 3580 1355 3620 eane

258 3680 413 3737 censeam,
436 3661 507 3743 quia
521 3661 642 3740 optimis
656 3659 825 3741 quibusque
837 3660 1060 3740 exemplaribus
1070 3659 1211 3739 fingenda
1221 3671 1266 3738 ot,
1284 3681 1357 3722 mm

257 3763 404 3826 bonarum
424 3781 534 3846 rerum,
544 3763 656 3842 oopiia,
677 3762 769 3820 etiam
787 3761 954 3840 elegantiae
967 3763 1074 3822 nitoris
1087 3765 1252 3824 renuatatir
1262 3782 1355 3823 aenan

257 3863 438 3940 imbuenda,
460 3863 501 3924 ad
519 3861 624 3923 indioii
647 3873 750 3922 autam
770 3863 967 3924 nubtilitatem
990 3883 1026 3923 aa
1046 3867 1202 3924 veritatem
1219 3863 1353 3922 emenda

259 3979 340 4028 eunt.
382 3965 487 4027 videor
498 3975 601 4026 tamen
612 3962 689 4025 mibi
699 3963 785 4024 haud
795 3986 861 4026 raro
873 3967 1056 4044 observatae,
1079 3987 1148 4026 oum
1160 3967 1219 4025 alia
1231 3967 1354 4044 ingenia

260 4071 293 4128 in
313 4071 386 4149 ipris
404 4071 559 4128 literarum
577 4068 734 4128 elementia
752 4087 772 4126 a
790 4065 1007 4129 diffieilior-ibam
1023 4089 1097 4130 auae
1112 4087 1220 4149 operae
1233 4068 1354 4126 initium

138 4159 139 4162 ¹
261 4169 359 4228 faeere
374 4171 513 4246 mallent,
535 4171 594 4230 alia
613 4167 783 4230 desiderare
796 4171 943 4231 fanillima
958 4190 1109 4254 quaeque,
1129 4172 1163 4230 in
1175 4170 1284 4253 quibua
1296 4189 1355 4228 no-

261 4271 407 4332 rioiarmn
424 4273 535 4334 virium
550 4273 717 4355 periculum
731 4274 959 4336 elementarium
973 4275 1123 4353 facerent,
1144 4283 1178 4333 ut
1191 4293 1249 4332 neo
1260 4273 1291 4331 in
1304 4291 1355 4330 ar-
