3025 4892
238 276 309 349 170
546 323 550 329 -
601 210 606 231 Ι
713 274 863 343 ZOSlllll

233 456 333 516 ταῦτα
362 447 418 532 μέν
442 438 496 515 ούν
524 453 580 533 τῆς
602 454 782 537 συγγραφῆς
811 442 977 536 προδούσης
997 444 1047 513 ἐπὶ
1068 450 1131 515 τάν
1152 438 1339 535 πραγμάτων
1365 452 1369 460 ’

235 550 440 637 δειχθήσεται.

338 656 398 725 33.
450 660 516 740 Τῆς
542 654 575 720 δέ
597 654 674 743 πρὸς
693 654 821 741 Πέρσας
843 654 1003 742 γενομένης
1028 648 1147 741 εἰρήνης
1168 651 1203 719 όν
1218 649 1337 737 διεξήλ-

232 767 330 844 θομεν
346 755 477 847 τρόπον,
499 758 647 840 Ἰοβιανδς
662 756 678 825 ό
693 758 839 841 βασιλεύς
848 760 927 842 μετὰ
943 757 1048 834 ἀδείας
1063 756 1194 822 ἐπανιών
1208 756 1274 840 ἀμα
1292 762 1338 843 τῷ

232 864 428 952 στρατοπέδῳ
450 864 501 927 καὶ
526 868 653 940 πολλοῖς
670 862 839 951 περιπεσὼν
861 863 1045 950 δυσχωρίαις
1067 862 1118 926 καὶ
1138 858 1244 937 τόποις
1263 857 1362 928 ἀνά-5

234 971 334 1055 δροις,
359 964 492 1043 πολλούς
513 990 545 1031 τε
570 974 625 1050 τῆς
646 973 793 1054 στρατιάς
813 966 979 1049 ἀποβαλὼν
997 966 1030 1029 ἐν
1048 971 1088 1051 τῇ
1105 963 1157 1048 Ιδιδ
1175 971 1230 1047 τῆς
1245 969 1338 1028 πολε--

232 1074 307 1155 μίας
322 1068 469 1159 παρόδῳ,
492 1072 671 1158 Μαυριίιιον
690 1071 745 1154 μέν
760 1076 822 1135 τῶν
837 1076 978 1155 λοχαγῶν
991 1069 1045 1133 ἵνα
1062 1065 1181 1155 τροφὴν
1197 1070 1231 1132 ἐκ
1243 1069 1337 1133 Νισί-

232 1182 301 1257 βιος
319 1172 440 1259 ἀγαγεῖν
456 1174 569 1239 ἐκέλευε
591 1180 636 1264 τῷ
656 1174 868 1261 στρατοπέδῳ,
896 1173 1068 1256 ἀπαντῆσαι
1083 1172 1117 1236 δέ
1132 1171 1211 1254 μετά
1223 1168 1338 1253 ταύτης

232 1276 275 1354 ὡς
301 1276 339 1342 ἀν
363 1273 427 1353 οἶός
451 1302 484 1342 τε
507 1268 527 1362 ᾖ
547 1275 752 1364 πορρωτάτω,
778 1275 858 1341 κατὰ
881 1278 915 1343 δέ
934 1277 990 1361 τὴν
998 1277 1130 1341 Ἰταλίαν
1144 1273 1258 1350 ἀλλους
1273 1274 1337 1349 ἐξέ-

234 1406 347 1463 πεμπε,
382 1380 438 1464 τὴν
452 1381 620 1446 Ἰουλιανοῦ
645 1381 786 1463 τελευτὴν
805 1378 859 1445 ’καὶ
883 1381 938 1465 τὴν
960 1377 1128 1467 ἀνάρρησιν
1146 1376 1203 1461 τὴν
1224 1380 1336 1442 οῗκείαν
1346 1391 1380 1445 10

234 1485 487 1570 ἀπαγγελοῦντας.
547 1482 637 1567 μόλις
670 1486 703 1549 δὲ
731 1484 789 1550 σδν
818 1490 918 1571 πολλῇ
942 1484 1133 1572 κακοπαθείᾳ
1155 1487 1194 1567 τῇ
1213 1482 1337 1563 Νισίβει

234 1585 407 1672 πλησιάσας
422 1588 577 1672 ἐπιστῆναι
591 1589 647 1675 μέν
665 1586 719 1651 ούκ
736 1587 829 1672 ἤθελε
843 1594 882 1675 τῇ
899 1584 983 1652 πόλει
1002 1596 1067 1662 τοῖς
1080 1588 1235 1667 πολεμίοις
1250 1586 1336 1649 ἐκδε-

233 1692 355 1778 δομένη,
370 1689 546 1769 καταλύσας
561 1694 594 1757 δέ
608 1690 639 1756 έν
655 1717 713 1757 τινι
728 1691 788 1779 πρό
803 1698 858 1776 τῆς
872 1688 970 1776 πύλης
981 1688 1127 1777 ύιταίθριμ
1140 1696 1178 1774 τῇ
1189 1685 1337 1780 ὑστεραίην

232 1792 401 1882 στεφάνους
414 1793 480 1877 ἀμα
495 1797 546 1860 καὶ
564 1795 677 1872 ἱκεσίας
696 1797 832 1878 ἐδέχετο,
858 1792 980 1860 πάντων
995 1791 1062 1859 ὅσοι
1080 1791 1159 1857 κατὰ
1176 1791 1230 1875 τὴν
1246 1790 1335 1857 πόλιν

231 1890 311 1983 ἦσαν
327 1896 569 1985 ἐκλιπαρούντων
581 1900 625 1983 μὴ
642 1899 795 1986 προέσθαι
807 1904 891 1985 σφᾶς
907 1900 987 1981 μηδὲ
1002 1900 1045 1973 είς
1058 1906 1165 1982 πεῖραν
1178 1902 1333 1979 καταστῆ-
1343 1906 1376 1961 15

213 2026 284 2067 Ισαι
304 1998 475 2087 βαρβάρων
496 2002 584 2084 ἠθῶν
590 2048 600 2080 ,
625 1999 760 2085 τοσαύτη
783 2002 858 2065 ἐτιῦν
882 1998 1061 2079 ἐκατοντάς,
1090 2008 1155 2075 τοῖς
1175 1995 1335 2081 Ῥωμαίων

230 2101 335 2186 νόμοις
357 2104 629 2191 ἐντεθραμμίνους.
681 2104 809 2190 οιίσχρὸν
827 2104 861 2171 δέ
882 2108 934 2168 καὶ
957 2102 1057 2179 άλλως
1073 2099 1148 2167 εἶναι
1165 2100 1333 2167 Κιονστάν-

228 2233 295 2272 τιον
315 2208 370 2289 μέν
388 2216 469 2294 τρεῖς
486 2206 660 2293 Περσικοὺς
686 2209 838 2288 πολέμους
860 2203 1082 2289 ἀναδεξάμενον
1110 2208 1162 2269 καί
1185 2206 1218 2269 ἐν
1240 2212 1334 2271 πᾶσιν

145 2306 147 2311 ’
228 2310 440 2375 ἐλαττωθέντα
464 2312 607 2392 Νισίβιος
630 2310 869 2393 ἀντιλαβέσθαι,
889 2312 941 2375 καὶ
962 2310 1219 2396 πολιορκουμένην
1238 2309 1332 2392 αύτὴν

228 2415 280 2479 καὶ
303 2417 346 2490 είς
370 2412 498 2496 έοχατον
519 2415 674 2479 ἐλθοῦσαν
695 2411 836 2479 κινδύνου
858 2413 911 2479 διὰ
930 2411 1031 2496 πάσης
1049 2420 1218 2499 περισῶσαι
1234 2424 1375 2479 nucu-2⁰

229 2519 300 2600 δῆς,
326 2516 420 2583 αὐτόν
437 2517 470 2581 δέ
485 2520 637 2601 μηδεμιᾶς
651 2515 794 2601 τοιαύτης
817 2518 1001 2601 ἐπικειμένης
1018 2513 1151 2601 ἀνάγκης
1165 2526 1229 2593 τοῖς
1240 2521 1332 2581 πολε-

227 2622 309 2703 μίοις
325 2620 380 2706 τὴν
404 2618 492 2687 πόλιν
513 2624 653 2687 ἐκδοῦναι
675 2624 726 2686 καὶ
749 2624 846 2698 δείξαι
867 2615 1030 2702 Ῥωμαίοις
1047 2616 1165 2706 ἡμέραν
1184 2618 1223 2702 ἣν
1246 2618 1331 2684 ούπω
1433 2651 1438 2660 ’

226 2724 404 2805 τεθέανται,
430 2728 573 2816 περιιδεῖν
594 2726 845 2811 ἀναγκαζομένοις
872 2722 961 2789 πόλιν
981 2722 1133 2806 τοσαύτην
1153 2724 1205 2788 καί
1222 2720 1331 2810 χώραν

298 2940 317 2995 5
334 2937 504 3008 δυσχερείαις
520 2939 553 2995 Ρ.
659 2940 692 2995 16
708 2936 849 3003 τοσαύτας
863 2932 934 2996 ἐτοῖν
950 2933 1140 2999 ἑκατοντάδας
1150 2935 1180 2989 Η
1189 2950 1245 2988 cum
1255 2934 1285 2989 S.

228 3128 297 3190 runt,
308 3124 376 3178 tliee
387 3126 502 3181 barberio
510 3144 539 3179 se
550 3124 712 3192 dediderunt,
724 3126 791 3180 sliee
801 3144 917 3196 magnum
924 3126 959 3180 sd
967 3125 1128 3179 solitudinem
1138 3121 1330 3176 redsctsesuut.

230 3204 258 3249 et
276 3197 340 3248 beec
351 3195 451 3266 quidem
463 3214 480 3248 ιι
491 3196 562 3249 nobis
572 3198 599 3247 in
610 3197 732 3248 historiae
743 3214 881 3268 progressu
894 3197 927 3248 de
937 3197 1015 3248 rebus
1030 3194 1092 3276 iotis
1104 3191 1279 3246 ostendentur.

299 3265 341 3317 33.
376 3265 446 3317 Pece
464 3282 520 3317 curo
538 3264 628 3317 Persis
647 3282 678 3317 eo
695 3282 745 3334 quo
767 3266 873 3318 dimmus
885 3265 960 3318 modo
972 3269 1127 3325 consumta,
1148 3259 1330 3312 lovisnusim-

227 3340 333 3402 perator
346 3350 436 3385 secure
454 3350 510 3385 curn
530 3333 644 3385 exercitu
664 3340 806 3399 reuertens,
823 3344 851 3387 et
869 3334 894 3385 in
905 3350 995 3401 aspere
1007 3339 1034 3383 et
1046 3332 1170 3399 inaquosa
1181 3331 1238 3382 locu
1249 3330 1330 3382 multu

227 3402 341 3469 deletus,
361 3401 530 3471 compluribus
549 3401 576 3454 in
595 3402 697 3454 hostilis
709 3404 757 3454 soli
772 3402 881 3455 transitu
892 3401 1013 3455 militibus
1023 3400 1131 3465 emissis,
1147 3414 1224 3451 uuum
1235 3417 1268 3451 ex
1279 3400 1330 3451 tri-

227 3471 301 3522 bunis
318 3471 467 3523 llluuricium
486 3468 570 3523 Nisibi
588 3480 754 3524 commeatum
773 3472 896 3526 exercitui
916 3478 1053 3541 apportare
1070 3470 1160 3534 iussit,
1178 3477 1206 3521 et
1226 3486 1281 3520 cum
1295 3486 1328 3521 eo

225 3556 300 3607 quem
319 3539 466 3606 longissime
483 3546 572 3607 posset
592 3538 712 3592 militibus
732 3542 834 3593 obviem
854 3542 949 3592 venire.
983 3540 1049 3591 misit
1065 3546 1093 3591 et
1103 3539 1167 3591 ulios
1178 3539 1204 3591 iu
1215 3538 1327 3603 lutiam,

225 3608 268 3675 qui
282 3607 370 3660 Iulieni
382 3608 478 3660 obitum
491 3614 517 3660 et
528 3608 728 3674 designationem
741 3612 822 3680 ipsius
835 3610 988 3663 nuntiarent.
1023 3608 1066 3662 ubi
1078 3608 1121 3661 vix
1132 3625 1224 3676 magno
1237 3608 1328 3661 labore

224 3684 302 3745 etque
321 3694 441 3731 aerumna
461 3678 565 3747 propius
578 3678 688 3731 Nisibim
706 3680 872 3743 secessisset,
890 3678 1011 3751 oppidum
1023 3678 1124 3747 quidem
1137 3678 1203 3729 bosti
1214 3677 1327 3729 deditum

224 3745 324 3813 ingredi
336 3748 479 3812 recusabat,
497 3746 542 3801 sed
554 3747 579 3799 in
591 3748 701 3817 quedem
713 3756 774 3802 urite
785 3756 883 3818 portum
899 3765 960 3800 eree
971 3749 1020 3801 sub
1032 3748 1075 3799 dio
1087 3747 1217 3799 divertens
1230 3744 1326 3815 postri-

225 3815 267 3868 die
278 3832 386 3867 corones
396 3824 423 3867 et
433 3817 632 3885 supplicationes
643 3819 800 3887 recipiebat,
817 3817 950 3901 oppidanis
963 3816 1078 3870 omnibus
1089 3816 1281 3869 obsecrantibus
1294 3832 1327 3868 ne

225 3902 254 3937 se
266 3885 415 3949 desereret,
433 3903 498 3939 neve
517 3888 644 3939 barbaros
660 3904 742 3941 mores
753 3904 866 3957 expertri
877 3893 983 3954 cogeret
994 3904 1039 3939 eos
1051 3886 1094 3955 qui
1105 3886 1206 3937 totiens
1217 3885 1326 3937 saeculis

224 3955 346 4008 Romanis
357 3954 455 4022 legibus
467 3956 583 4008 innutriti
594 3956 713 4012 inissent.
747 3958 849 4009 ioedurn
864 3963 890 4008 et
900 3956 1050 4025 ceteroquin
1065 3972 1130 4019 esse,
1147 3954 1323 4007 Constantium

227 4024 310 4077 tribus
326 4023 452 4094 susceptis
468 4026 540 4078 bellis
551 4025 670 4094 Persicis,
687 4026 714 4077 in
734 4026 848 4078 cunibus
859 4033 1016 4095 superatum,
1033 4025 1120 4079 Nisibi
1129 4030 1215 4077 temen
1225 4024 1324 4093 pmeei-

228 4091 270 4143 dio
289 4094 382 4159 luisse,
400 4101 477 4163 etque
495 4095 562 4147 illum
580 4094 711 4147 obsessam
730 4104 757 4148 et
770 4103 911 4147 extremum
925 4095 951 4146 in
967 4094 1100 4147 discrimen
1111 4094 1244 4145 adductum
1258 4091 1326 4144 omni

228 4160 311 4212 studio
328 4163 478 4215 incolumem
493 4178 627 4217 servasses
649 4164 731 4233 ipsum
749 4164 817 4216 nulla
833 4164 879 4216 teli
896 4165 1048 4217 necessitate
1064 4172 1173 4230 urgente
1193 4163 1325 4215 civitatem

228 4228 296 4281 boeti
315 4230 423 4298 dedere,
441 4248 472 4283 oc
488 4248 545 4285 eum
562 4233 628 4285 diem
639 4233 761 4287 Romanis
779 4233 980 4302 conspiciendum
992 4234 1117 4303 praebere
1129 4249 1203 4299 quem
1217 4231 1325 4283 necdum

228 4300 338 4355 enteboo
355 4300 481 4368 uideriut3
498 4300 543 4372 qui
559 4306 658 4358 uotum
677 4310 707 4357 ut
720 4304 841 4377 opp'dum
851 4309 975 4376 mutoque
987 4304 1061 4374 regio
1072 4301 1190 4357 tradetur
1201 4300 1327 4370 hostibus,
