3025 4892
391 286 395 293 ’
499 319 578 387 nus.
599 316 621 390 ,4
644 318 728 387 cru.
748 324 800 387 11.
824 323 874 387 1α
897 324 949 388 1ο.
1202 320 1276 392 187

92 494 95 499 ¹
174 495 208 559 δέ
223 491 337 577 ταύτην
352 493 492 582 διέφυγε,
518 490 717 570 συνελθόντες
735 492 765 557 οἳ
779 494 847 578 περὶ
865 493 906 558 τά
919 497 1061 577 βασίλεια
1079 486 1169 578 λόγον
1184 490 1277 559 αὐτόν

174 596 365 680 ποιήσασθαι
384 594 574 682 παρεκάλουν
592 602 649 661 τού
669 598 882 679 διαδεξομένου
904 598 960 681 τὴν
978 599 1154 679 βασιλείαν,
1180 592 1222 671 ὡς
1238 593 1277 659 dr

174 699 219 783 μή
232 726 312 776 τινος
327 700 412 788 αὐτῷ
429 700 650 782 συμβαίνοντος
663 702 794 787 σφαλείη
806 700 845 765 τά
862 706 917 784 τῆς
930 703 1089 776 πολιτείας.
1141 700 1278 774 πεισθείς

176 804 210 867 δέ
224 800 340 880 τούτοις
353 800 368 867 ό
384 804 530 886 βασιλεὺς
544 812 608 880 τοῖς
621 801 721 887 λόγοις
734 803 834 868 άνεΐπε
850 803 903 897 τόν
918 806 1013 868 παῖδα
1028 804 1059 866 Γ
1056 802 1199 889 ρατιανὸν
1212 808 1274 885 βα·
1292 827 1318 866 s.
1335 811 1388 867 867

149 907 262 975 ὁσιλέα
278 908 327 970 καί
344 907 486 971 κοινωνόν
499 912 554 991 τῆς
570 907 682 995 ἀρχῆς,
709 905 783 972 όντα
797 908 865 973 νέον
880 906 923 973 έτι
939 908 991 973 καλ
1008 905 1183 994 ούπωπρδς
1196 904 1276 990 ἥβην

174 1007 305 1074 έλθόντα
318 1012 442 1076 τελείαν.

258 1178 260 1185 ⁴
280 1112 337 1181 13.
391 1118 464 1177 Τῶν
480 1112 514 1176 δέ
526 1110 605 1176 κατὰ
620 1111 675 1195 τὴν
691 1106 821 1196 έσπέραν
834 1111 866 1176 έν
879 1108 999 1188 τούτοις
1012 1110 1123 1190 ὄντων,
1153 1107 1277 1193 Οὐάλης

172 1213 366 1298 όβασιλεύς,
392 1215 444 1304 ἐφ’
467 1213 541 1301 ὅπερ
567 1216 599 1293 έξ
625 1215 722 1302 ἀρχῆς
743 1212 884 1300 ὥρμητο,
905 1215 984 1280 κατὰ
1000 1219 1133 1300 Περσῶν
1155 1215 1204 1278 dni
1221 1214 1277 1296 τὴν
1293 1238 1318 1277 ιι.
1337 1222 1391 1278 372

174 1316 254 1406 ἑῴαν
275 1320 446 1399 ἐστέλλετο,
471 1316 586 1406 προίιόν
609 1343 641 1383 τε
665 1321 816 1400 σχολαίως
840 1316 965 1402 έβοάθει
993 1318 1033 1383 τά
1054 1318 1162 1383 δέοντα
1182 1344 1277 1404 πρεσ-

134 1434 167 1490 10
173 1424 353 1505 βευομέναις
368 1433 436 1499 ταῖς
447 1421 568 1501 πόλεσι,
593 1424 644 1487 καλ
663 1421 743 1485 άλλα
761 1422 862 1487 πολλά
883 1422 961 1487 κατὰ
980 1421 1015 1486 τό
1031 1428 1185 1507 προσῆκον
1196 1421 1277 1509 ᾠκο-

172 1522 257 1607 νόμει
267 1574 276 1603 ,
302 1536 366 1602 τοῖς
385 1529 489 1590 δίκαια
512 1528 631 1591 αἰτοῦσι
651 1523 765 1613 ῥᾳδίως
782 1523 1035 1612 φιλοτιμούμενος
1048 1525 1088 1589 τά
1102 1522 1277 1607 αἰτούμενα.

174 1628 339 1713 παρελθὼν
359 1630 394 1700 ,δέ
416 1632 458 1707 εἰς
481 1628 537 1711 τὴν
553 1625 737 1710 Ἀντιόχειαν
759 1628 838 1709 μετὰ
857 1626 958 1712 πάσης
976 1628 1146 1715 ἀσφαλείας
1167 1626 1207 1691 τὰ
1222 1632 1279 1690 τοτ’

174 1732 307 1813 πολέμου
326 1728 436 1819 διῴκει,
461 1730 515 1797 τόν
530 1732 586 1814 μέν
597 1736 734 1814 χειμῶνα
750 1733 916 1817 διατρίβων
933 1732 964 1796 έν
980 1740 1045 1807 τοῖς
1060 1729 1170 1795 αὐτόθι
1183 1736 1277 1812 βασι-

175 1836 274 1912 λείοις,
299 1825 374 1921 ἦρος
398 1836 431 1899 δέ
451 1834 498 1898 έπί
522 1834 577 1917 τὴν
596 1831 694 1921 Ἱεράν
709 1830 799 1897 πόλιν
820 1834 918 1898 durnin
937 1833 1077 1898 κάκεῖθεν
1089 1832 1129 1897 τὰ
1146 1829 1278 1920 στρατό-

134 1940 253 2001 15πεδα
266 1947 330 2009 τοῖς
342 1938 481 2023 Πέρσαις
497 1935 630 2021 ἰπάγων,
657 1939 709 2001 καὶ
734 1929 829 2013 αὐθις
846 1937 1039 2020 ίνισταμένου
1058 1941 1115 2001 τού
1127 1941 1278 2020 χειμῶνος

173 2039 304 2105 έπανιάιν
318 2043 360 2117 εἰς
376 2041 431 2124 τὴν
445 2038 637 2123 Ἀντιόχειαν.
688 2036 708 2123 ἢ
725 2041 781 2121 μέν
793 2032 846 2104 οὐν
858 2040 935 2128 πρός
946 2041 1074 2126 Πέρσας
1086 2037 1184 2117 οὕτως
1196 2040 1277 2125 ἰτρί-

172 2151 244 2225 fisso
263 2140 365 2227 μάχη,
391 2149 447 2208 τοῦ
471 2144 504 2208 δέ
522 2145 674 2225 βασιλέως
692 2143 772 2208 κατὰ
789 2143 844 2227 τὴν
861 2141 1044 2227 Ἀντιόχειαν
1066 2140 1153 2219 όντος
1174 2169 1277 2229 παρα·
1298 2196 1304 2209 .

174 2246 271 2323 δόξαν
292 2249 467 2324 ἐξανίστατο
494 2244 683 2333 πραγμάτων
704 2244 853 2323 ὑπόθεσις
875 2248 908 2324 ἰξ
933 2248 1033 2323 αἰτιάς
1054 2249 1187 2312 τοιάσδε.
1238 2237 1277 2329 ἦν

174 2375 220 2427 τις
252 2348 413 2435 Θεόδωρος
444 2359 508 2427 τοῖς
541 2349 712 2432 βασίλικοΐς
748 2347 976 2438 ὖπογραφεῦσιν
1007 2347 1276 2437 ἰναριθμούμενος.
1293 2377 1318 2414 s.
1339 2361 1392 2418 374

132 2458 282 2517 turonicos
300 2444 333 2517 εὐ
354 2454 409 2535 μέν
429 2450 572 2537 γεγονότα
594 2478 626 2518 τε
647 2456 698 2518 καὶ
718 2456 884 2541 τραφέντα,
905 2455 971 2519 νέον
989 2455 1022 2519 δέ
1038 2454 1080 2518 έτι
1098 2453 1208 2539 καὶτῷ
1224 2460 1279 2533 τῆς

175 2553 293 2639 ἡλικίας
314 2560 424 2641 θερμῷ
442 2554 555 2645 ῥρδίιος
571 2554 709 2621 κολάκων
727 2559 876 2633 θωπείαις
889 2558 937 2621 ἰπὶ
956 2556 997 2623 τά
1007 2559 1132 2643 χείρονα
1149 2554 1278 2620 σαλευό-

174 2684 265 2741 μενον
287 2656 479 2744 περιστάντες
499 2660 633 2722 τοιοῦτοί
656 2684 733 2734 τινες
756 2658 974 2724 ἀναπείθουσιν
994 2657 1035 2737 ὡς
1050 2660 1186 2745 περιττοί
1201 2660 1279 2734 τινές

176 2765 250 2827 εἰσιν
268 2762 299 2825 έν
319 2761 440 2851 παιδεία
458 2764 508 2825 καὶ
527 2757 740 2847 τεκμήρασθαι
754 2760 789 2826 τὸ
807 2763 919 2843 μέλλον
931 2761 964 2827 έκ
976 2786 1056 2838 τινος
1067 2762 1276 2847 κατωρθωμέ-

174 2891 228 2950 νης
245 2864 348 2941 αὐτοῖς
362 2866 506 2947 μαντείας
522 2866 622 2930 δεινοί.
673 2861 897 2948 πυνθανόμενοι
913 2866 946 2930 δέ
962 2867 1007 2940 τίς
1019 2864 1097 2945 μετὰ
1117 2862 1277 2929 Οὐάλεντα

175 3040 308 3113 pemodum
328 3041 446 3095 excessit.
472 3046 511 3095 et
526 3058 583 3095 cum
602 3039 827 3108 liberatorem,
843 3042 1107 3165 congressigroceres
1124 3042 1198 3095 esici
1215 3049 1274 3095 'soo-

174 3128 300 3165 cessorem
312 3119 342 3163 ut
351 3111 496 3179 designaret
505 3111 603 3181 imperii
616 3111 832 3177 cohortabantur,
849 3114 890 3178 ue,
907 3113 929 3164 si
942 3112 985 3181 qui
1015 3114 1158 3164 humanitus
1169 3112 1218 3183 ipsi
1229 3127 1275 3163 sc-

176 3181 290 3246 cidisset,
307 3180 484 3233 detrimentum
494 3198 537 3233 res
549 3180 651 3249 publica
663 3188 775 3263 caperet
809 3180 857 3234 hec
868 3181 983 3233 oratione
996 3192 1125 3251 permotus
1136 3182 1274 3250 imperator

176 3248 327 3303 Gratianum
339 3250 417 3302 filium
431 3248 611 3317 imperatorem
624 3249 831 3319 principatusque
847 3259 991 3305 consortem
1002 3250 1082 3318 dixit,
1098 3250 1216 3304 iuvenem
1227 3249 1276 3301 sd-

175 3318 226 3371 huc
237 3336 286 3370 uec
297 3318 387 3389 plenos
416 3318 539 3372 ubertatis
550 3336 630 3371 annos
645 3318 796 3385 ingressum.

248 3388 289 3439 13.
323 3388 388 3439 Cum
397 3338 442 3440 iic
452 3405 535 3441 rerum
547 3388 579 3439 sd
592 3387 757 3440 Occidentem
771 3393 855 3441 ststns
866 3393 944 3457 esset,
954 3387 1051 3441 Valens
1063 3388 1201 3458 imperator
1211 3404 1275 3439 con-

177 3458 218 3506 tre
228 3454 322 3505 Persas
339 3456 364 3507 in
377 3455 523 3522 Orientem,
542 3474 591 3525 quo
609 3456 732 3509 tendebat
742 3456 828 3524 initio,
843 3475 873 3511 se
883 3465 971 3529 φυτοῖς
989 3458 1100 3511 sciente
1112 3474 1274 3527 progressus,

176 3520 502 3646 tristissimis
516 3525 1276 3665 titibumtiii'ttisstits‘redidistis

509 3633 517 3659 ⁹
1179 3633 1186 3650 0

147 3661 152 3675 ⁸
176 3659 297 3713 tiochism
315 3678 371 3713 oum
389 3664 562 3732 pervenisset,
580 3614 679 3716 omniuo
691 3670 821 3717 cauteres
832 3664 935 3719 bellicas
946 3665 1113 3719 administret.
1155 3672 1181 3717 et
1193 3664 1275 3716 hiemo

177 3727 279 3798 quidem
290 3728 315 3780 in
327 3728 486 3783 Antiocheno
499 3733 570 3800 regis
582 3740 750 3785 commoratus
762 3733 920 3816 Hierapolim
936 3752 1017 3786 verno
1031 3742 1145 3803 tempore
1156 3733 1276 3816 proficis-

178 3800 258 3864 citur,
277 3806 354 3867 etque
373 3798 433 3853 indo
450 3807 538 3853 contre
549 3802 643 3855 Persas
660 3802 755 3855 ducens
771 3810 900 3855 exercitus
917 3802 1029 3855 instante
1039 3818 1127 3855 rursus
1139 3804 1220 3854 hieme
1232 3820 1275 3853 re-

177 3866 287 3921 vertitur
299 3869 467 3922 Antiochiam.
495 3886 525 3921 sc
536 3871 628 3923 bellum
640 3870 738 3940 quidem
752 3872 881 3925 Persicum
891 3872 917 3923 in
931 3872 998 3924 huno
1009 3872 1108 3925 modom
1119 3870 1275 3922 extraheba-

177 3946 226 3989 tur.
261 3953 317 3989 cum
334 3948 419 3989 sutem
436 3937 586 3992 Antiochiae
603 3940 709 4007 degeret
723 3940 877 4011 imperator,
896 3958 929 3993 ex
941 3940 1084 3994 huiusmodi
1100 3954 1178 3992 cause
1188 3955 1275 3991 rerum

176 4004 352 4058 inusitatorum
371 4006 490 4059 materies
507 4010 601 4078 coepit.
645 4014 702 4061 crat
723 4008 875 4062 Theodorus
892 4008 995 4079 quidem
1012 4010 1079 4061 inter
1097 4008 1210 4061 notarios
1226 4008 1275 4061 im·

194 4074 302 4128 eretoris
320 4074 472 4145 adscriptus.
515 4078 582 4129 huno
601 4078 677 4130 nobili
696 4078 797 4147 quidem
814 4096 910 4147 genere
926 4088 1076 4148 prognatum
1095 4083 1123 4130 et
1140 4076 1274 4130 educntmn

176 4093 251 4211 done,
269 4143 314 4196 sed
329 4146 447 4197 iuvenem
464 4145 557 4213 adhuc,
574 4146 618 4215 qui
638 4164 671 4199 ex
691 4143 784 4200 estatis
800 4148 903 4201 fervore
917 4164 968 4199 non
978 4148 1117 4202 difficulter
1127 4154 1274 4199 assentato-

176 4229 229 4265 rum
249 4212 438 4267 ndulstiouibus
456 4215 489 4266 sd
505 4213 593 4284 peiore
611 4216 798 4283 impelleretur,
814 4216 899 4272 edorti
919 4217 972 4269 eius
986 4216 1089 4284 generis
1103 4215 1216 4268 homines
1227 4234 1274 4267 ex-

176 4280 269 4333 cellere
286 4298 314 4333 se
332 4282 422 4335 litteris
441 4288 468 4337 et
487 4300 520 4336 ex
539 4284 694 4337 divinatione
706 4286 815 4355 quedem
827 4287 860 4338 ob
872 4304 900 4337 se
912 4287 1043 4356 praecluso
1053 4292 1176 4355 percepta
1188 4288 1274 4338 fotuns

176 4348 321 4404 coniiciendi
336 4368 365 4405 so
383 4352 482 4424 peritos
497 4370 555 4409 esso
570 4352 734 4426 persuadent.
774 4355 932 4427 inquirentes
942 4356 999 4427 quis
1008 4364 1069 4429 post
1083 4354 1216 4409 Veientem
1226 4356 1290 4409 im-·
