3025 4892
231 290 306 366 200
710 290 862 360 zosuul

232 456 429 549 κρατησάσης
449 461 484 527 di
504 466 560 545 τῆς
578 460 718 547 χείρονος
736 458 876 547 γνώμης,
895 460 998 546 ἐπειδὴ
1015 460 1093 547 πρὸς
1107 459 1143 526 τό
1155 470 1259 547 χείρον
1269 450 1340 544 ἦγεν

232 565 253 654 ἡ
269 564 345 649 τόχη
359 562 398 629 sd
412 562 578 650 πράγματα
585 612 595 644 ,
618 565 670 630 τόν
685 564 818 653 στρατόν
828 565 948 630 ἅπαντα
962 565 1019 630 σῦν
1030 565 1129 630 οὐδενὶ
1144 562 1249 650 κόσμῳ
1263 563 1341 650 πρὸς

235 670 292 753 τὴν
309 666 412 750 μόχην
434 668 535 753 ἐξῆγεν
556 663 572 731 ό
592 666 748 749 βασιλεῦς.
800 665 847 745 οἷς
861 665 1088 752 ἀπαντήσαντες
1103 668 1341 754 ἀπροφασίστως

237 773 266 841 οἶ
288 770 460 855 βάρβαροι,
480 772 531 838 καλ
556 772 642 858 παρὰ
661 772 739 836 πολι)
758 778 798 859 τῇ
814 769 900 861 μάχη
913 769 1133 858 κρατήσαντες,
1158 776 1271 853 μικροῦ
1286 770 1342 852 μέν

237 874 376 949 ἅπαντας
394 875 592 965 πανωλεθρίᾳ
614 874 810 960 διέφθειραν·
835 875 892 943 σῦν
911 876 1024 959 ὀλίγοις
1046 876 1079 941 δέ
1101 870 1286 961 πεφευγότος
1301 871 1370 947 είςό

238 1004 306 1043 τινα
332 972 438 1064 κώμην
458 982 515 1065 τοῦ
535 979 702 1059 βασιλέως,
730 978 785 1042 οῦκ
802 970 898 1047 οὖσαν
913 974 1054 1063 τειχήρη,
1079 978 1254 1064 περιθέντες
1268 973 1346 1058 ῦλην

240 1076 434 1162 πανταχόθεν
455 1087 494 1171 τῇ
517 1076 605 1165 κώμη
628 1084 755 1167 καὶπῦρ
774 1082 886 1159 ίνέντες
901 1081 974 1159 τοῦς
988 1084 1019 1145 ἐν
1036 1079 1114 1166 αὐτῇ
1128 1076 1347 1165 συμφυγόντας

240 1184 318 1267 μετὰ
340 1188 402 1255 τῶν
424 1180 619 1251 ἐνοικούντων
632 1185 817 1271 ἐνέπρησαν,
838 1182 881 1262 ὥς
894 1184 974 1268 μηόέ
989 1190 1033 1275 τῷ
1048 1190 1104 1252 τοῦ
1116 1182 1268 1267 βασιλέως
1283 1178 1347 1247 coi-

241 1313 317 1373 ματι
334 1288 507 1375 δυνηθῆναί
521 1312 589 1357 τινα
602 1285 796 1359 παντάπασιν
809 1288 975 1369 ἐπιστῆναι.

348 1394 420 1453 Τῶν
445 1390 477 1453 δέ
498 1386 686 1474 πραγμάτων
708 1391 755 1455 ἐπὶ
771 1389 955 1473 λεπτοτάτης
970 1385 1110 1455 {cruitur
1124 1388 1262 1466 ἐλπίδος,
1288 1386 1391 1456 Bt-io

244 1517 325 1577 κτωρ
343 1488 359 1555 ό
379 1499 435 1559 τοῦ
445 1489 605 1575 Ῥωμαίων
620 1490 785 1579 ἡγούμενος
800 1494 923 1563 ἱππικοῦ
929 1542 940 1574 ,
965 1492 1019 1559 τόν
1034 1494 1172 1556 κίνδυνον
1188 1488 1256 1585 ἅμα
1270 1491 1349 1554 τισὶν

245 1595 367 1661 ἱππεῦσι
392 1594 568 1685 διαφυγών,
597 1598 645 1666 ἐπὶ
670 1599 872 1662 Μακεδονίαν
898 1622 930 1663 τε
958 1598 1009 1660 καλ
1036 1595 1211 1661 Θεσσαλίαν
1238 1590 1351 1669 ἐλάσας

94 1699 389 1769 (ὶηῑῐηηαςκάκεῖθεν
411 1701 459 1767 ἐπὶ
481 1701 616 1777 Μυσοός
638 1705 690 1765 καὶ
710 1702 852 1777 Παίονας
874 1696 1078 1788 ἀναόραμῶν,
1104 1695 1217 1764 αὐτόθι
1232 1696 1350 1781 διατρί-

90 1785 335 1915 ιιγολειηῑιῐμοντι
352 1808 396 1895 aqi
410 1804 441 1865 Γ
438 1808 573 1890 ρατιανῷ
590 1802 624 1869 τό
640 1802 764 1887 συμβὰν
780 1804 957 1892 ἀπαγγέλλει
974 1804 1025 1867 καὶ
1040 1802 1094 1885 τὴν
1109 1806 1165 1870 τοῦ
1183 1799 1348 1884 στρατοπέ-

100 1870 190 1915 nunu.
228 1894 306 1975 'too
330 1906 382 1971 aot
405 1912 459 1977 τοῦ
481 1908 632 1995 βασιλέως
650 1904 813 1976 ἀπώλειαν.
864 1904 881 1971 ὃ
901 1909 934 1972 δέ
950 1906 987 1970 οῦ
1003 1902 1128 1991 σφόδρα
1142 1904 1198 1986 μέν
1210 1908 1352 1987 λυπηριῦς
1360 1908 1393 1968 1⁵

249 2008 305 2090 τὴν
329 2012 384 2077 τοῦ
403 2010 491 2073 θείου
512 2009 652 2091 τελευτὴν
672 2008 793 2093 ἤνεγκεν
818 2000 877 2096 (ἦν
893 2007 952 2095 γάρ
967 2034 1014 2085 τις
1028 2004 1150 2090 ῦποψία
1162 2006 1240 2092 πρὸς
1256 2002 1353 2088 ἀλλή·

253 2116 325 2185 λαις
350 2110 493 2195 αὐτοῖς),
518 2107 598 2199 ὅριῦν
615 2113 656 2176 ,δέ
682 2108 776 2175 αῦτόν
796 2111 851 2176 σῦκ
867 2112 1020 2197 ἀρκοῦντα
1033 2110 1110 2191 πρός
1124 2110 1179 2193 τὴν
1196 2111 1353 2191 διοίκησιν,

255 2207 381 2307 Θρηίκης
404 2214 460 2295 μέν
482 2210 541 2277 inl
565 2220 624 2279 τῶν
646 2212 825 2301 ἐφεστώτων
846 2212 942 2306 ταῦτη
964 2212 1134 2300 βαρβάρων
1154 2213 1355 2295 κατεχομένης

252 2318 303 2387 καί
318 2322 380 2380 τῶν
396 2318 463 2403 περὶ
481 2320 611 2383 Μυσίαν
625 2320 677 2382 καὶ
690 2319 844 2389 Παιονίαν
858 2316 960 2384 τόπων
972 2314 1032 2381 iul
1048 2323 1109 2381 τῶν
1123 2314 1219 2402 ταότη
1230 2313 1355 2402 βαρβά-

254 2444 316 2507 ρων
334 2420 576 2501 ἐνοχλουμένων,
601 2425 662 2485 τιῦν
677 2422 711 2488 dd
726 2423 794 2509 περὶ
810 2420 864 2493 τόν
873 2418 979 2503 Ῥῆνον
994 2422 1094 2485 ἐθνῶν
1111 2416 1275 2495 ἀκωλότως
1289 2426 1398 2495 aciem

95 2532 246 2597 Gratianus,
258 2518 379 2593 πόλεσιν
401 2520 560 2602 ἐπιόντων,
590 2522 718 2609 αίρεῖται
743 2531 798 2607 τῆς
823 2526 983 2607 βασιλείας
1007 2522 1152 2591 κοινωνόν
1180 2519 1356 2598 Θεοδόσιον,

93 2601 292 2721 ζῗίξῃίιίηῗεῖκ
310 2626 366 2707 nh
382 2630 437 2709 Τῆς
454 2626 485 2688 3⁹
502 2626 617 2714 Ἰβηρίᾳ
637 2629 844 2703 Καλλαικίας,
868 2625 984 2703 πόλεως
1006 2627 1040 2690 δὲ
1066 2622 1194 2700 Καόκας
1214 2622 1356 2707 ὁρμώμε-

90 2727 329 2867 Theoqqqmiur,
355 2726 429 2795 όντα
453 2730 487 2793 dd
510 2731 566 2795 οὐκ
592 2728 745 2812 ἀπόλεμον
770 2731 842 2795 οὐδὲ
866 2730 963 2820 ἀρχῆς
985 2734 1203 2817 στρατιωτικῆς
1224 2726 1359 2815 ἄπειρον.

133 2826 157 2866 a.
196 2832 204 2867 ι

326 2908 363 2967 22
378 2906 531 2983 Καλλεγίας
547 2907 601 2971 141'.
705 2902 736 2971 dl
754 2906 805 2971 add
820 2908 853 2971 P.

246 3072 304 3123 'rus
316 3068 392 3116 esset.
428 3080 485 3117 cum
497 3070 580 3118 autem
591 3064 718 3117 sententia
729 3064 842 3117 deterior
853 3064 958 3119 vicisset
967 3066 1072 3119 ίοεέοαιι
1081 3080 1125 3117 m
1135 3064 1162 3119 lu
1172 3062 1244 3133 ρελοι
1256 3068 1361 3145 agente²

261 3132 1062 3259 ttllhllt‘ttllltztlhllthithllltl‘llit
1075 3133 1192 3257 dili
1210 3132 1362 3255 {litt-¹³¹

261 3278 328 3339 sent,
347 3220 528 3339 propeiiodua
539 3221 673 3325 ἀαίνεειοι
685 3270 718 3325 ad
729 3271 928 3325 internecionem
939 3221 1097 3325 deleverunt.
1103 3220 1287 3341 ngimpellatorc
1299 3285 1361 3321 vero

261 3341 325 3407 tuga
336 3356 391 3391 curn
404 3340 491 3407 paucis
503 3340 529 3393 in
541 3340 623 3395 vicum
637 3342 762 3408 quendam
773 3340 860 3410 elapso
872 3341 947 3393 nullis
957 3342 1066 3398 cinctum
1083 3341 1229 3405 moenibus,
1246 3339 1279 3390 ah
1295 3336 1362 3390 omni

262 3416 337 3477 parte
356 3408 414 3461 vico
434 3408 541 3461 materie
560 3408 714 3464 circumdato
732 3409 845 3479 igneque
862 3410 988 3476 immisso,
1005 3417 1131 3478 quotquot
1141 3426 1173 3461 eo
1184 3408 1363 3474 confugerant,

263 3492 392 3559 unaucum
412 3476 504 3559 incolis
527 3485 733 3559 concremarunt,
755 3478 793 3533 ita
815 3485 844 3537 ut
865 3496 899 3537 ne
919 3478 954 3532 ed
970 3495 1063 3549 carpos
1080 3478 1182 3549 quidem
1199 3476 1364 3549 imperatorin

263 3550 767 3683 υωωῃέλοοόάόε(ἀάωάράἀάνάἀιιάἀόίάειάἀάἀ
778 3614 890 3669 redactis
901 3615 953 3668 dux
964 3615 1093 3685 equitatus
1105 3612 1213 3668 Romani
1222 3614 1329 3679 Victor,
1346 3630 1364 3666 e

264 3680 377 3751 periculo
389 3698 444 3733 cum
456 3682 580 3738 nonnuliis
591 3683 716 3751 equitibus
727 3682 841 3753 elapsas,
859 3702 915 3735 cam
927 3684 954 3739 in
966 3683 1140 3737 Macedoniam
1151 3682 1364 3750 Thessaliamque

265 3750 436 3803 contendisset
448 3760 526 3819 etque
538 3752 596 3805 inde
610 3756 641 3804 ed
654 3752 759 3805 ltloesoe
772 3760 800 3808 et
810 3753 956 3811 Pannonios
967 3752 1138 3818 excurrisset,
1156 3750 1283 3808 Gratiano
1294 3750 1320 3803 in
1333 3750 1364 3806 iis

265 3818 330 3877 locis
347 3820 509 3874 commoranti
528 3838 596 3887 rem,
613 3820 649 3873 uti
666 3820 814 3886 accidisset,
831 3822 945 3891 nuntiat,
962 3821 1073 3890 itemque
1085 3830 1137 3874 tam
1149 3820 1278 3873 exercitus
1289 3836 1365 3888 quam

265 3886 425 3957 imperatoris
443 3888 580 3941 interitum.
613 3888 659 3943 ille
674 3907 724 3942 non
741 3891 875 3946 admodum
885 3898 983 3947 nauto
994 3890 1081 3960 patrui
1093 3891 1195 3943 caedem
1207 3889 1289 3942 animo
1301 3888 1366 3951 tulit,

267 3956 336 4025 quod
348 3955 470 4010 intereos
482 3958 592 4027 suspicio
602 3958 726 4027 quaedam
737 3960 916 4018 intercederet.
949 3958 996 4011 sed
1007 3960 1067 4027 quia
1079 3960 1183 4012 videbat
1193 3976 1221 4011 se
1233 3958 1309 4013 rebus
1320 3956 1367 4009 ad·

266 4024 439 4081 ministrandis
451 4041 501 4081 ncn
516 4026 650 4087 sufficere,
666 4027 779 4081 Thracia
797 4028 898 4097 quidem
910 4044 925 4080 a
936 4028 1070 4095 barbaris,
1087 4028 1132 4098 qui
1144 4046 1198 4079 eam
1210 4028 1366 4089 invaserant,

268 4103 409 4163 occupata,
428 4094 544 4151 Moesiae
561 4113 624 4150 vero
642 4094 842 4164 Pannoniaeque
854 4097 918 4154 locis
928 4098 961 4150 ah
973 4098 1134 4151 haerentibus
1145 4096 1237 4151 ibidem
1250 4094 1369 4150 barbaris

269 4162 384 4229 vexatis,
403 4162 533 4218 Rhenanis
552 4163 662 4233 denique
681 4164 827 4220 nationibus
842 4167 918 4217 urbes
930 4166 995 4221 citra
1006 4167 1152 4235 cuiusquam
1164 4164 1370 4234 impedimentum

268 4230 463 4293 infestantibus.
489 4232 586 4302 imperii
605 4242 748 4287 consortem
766 4233 938 4287 Theodosium
955 4235 1059 4302 deligit,
1076 4234 1209 4289 oriundum
1226 4250 1259 4284 ex
1276 4231 1370 4302 oppido

270 4298 426 4374 Hispanicae
445 4300 592 4357 Callaeciae
610 4302 712 4371 Cauca,
730 4304 856 4361 homiuem
872 4304 1019 4360 bellicosum
1029 4314 1057 4361 et
1068 4304 1166 4375 imperil
1175 4301 1291 4355 militaris
1302 4297 1372 4355 haud
