3025 4892
525 305 605 372 LIB.
632 310 653 370 2
676 305 762 371 CAP.
785 309 836 370 22.
861 309 913 372 28.
936 305 988 370 24.
1261 305 1310 378 89

205 484 273 554 ταίς
285 475 396 563 ἀριστα
408 472 571 553 πλεούσαις
585 475 718 564 ἒχνωσαν
731 487 897 560 ναυμαχεῖν
923 471 973 542 οἷα
987 481 1042 542 τοῦ
1065 471 1157 541 τόπον
1179 478 1231 542 διδ
1254 478 1310 562 τὴν

207 579 370 664 στενότητα
398 577 510 662 πλήθει
531 585 605 645 νεῶν
623 581 679 645 oda
698 579 785 656 ὄντος
802 583 978 664 ἓτιιτηδείου,
999 580 1146 662 Ἄβαντος
1162 582 1195 646 δὲ
1210 579 1226 646 ὁ
1243 585 1310 646 Λι-

207 686 320 748 κιννιόυ
340 680 492 768 ναύαρχος
515 687 683 775 διακοσίαις
702 686 819 748 ἐπέπλει
840 688 944 764 ναυσί,
972 682 1094 772 σφόδρα
1109 691 1311 772 καταφρονῶν

205 793 260 869 τῆς
272 793 332 864 τῶν
348 785 520 852 ἀντιπάλων
534 794 609 851 νειῦν
624 785 806 877 ὀλιγότητος,
820 790 871 851 καί
887 789 918 852 ἓν
933 789 1017 876 μέσῳ
1027 785 1141 864 ταάτας
1152 786 1310 871 λήψεσθαι
1396 847 1398 856 .

181 888 319 980 ὁρηδίως
333 868 478 971 οἰόμενος.
531 890 688 976 ἀρθέντων
704 893 738 955 δὲ
751 898 813 956 τιῦν
835 895 966 974 σημείων
983 894 1015 968 ἐξ
1032 889 1173 978 ἑκατέρου
1188 895 1311 962 καὶτῶν

205 994 350 1079 πρωρέων
370 990 560 1068 ἐπελθόντων
586 991 745 1077 ἀλλήλοις,
778 995 806 1058 oi
830 996 886 1076 μέν
912 998 1139 1060 Κωνσταντιίυυ
1163 993 1311 1082 ναόαρχοι

205 1094 261 1161 σόν
284 1093 390 1184 κόσμῳ
414 1107 478 1173 τοῖς
501 1098 646 1174 ἐναντίοις
671 1094 804 1174 ἐπιόντες
824 1098 944 1179 ἔπλεον,
971 1095 1311 1180 animaduertisti

206 1199 333 1290 οάδεμιᾷ
349 1198 429 1288 τάξει
441 1199 494 1264 τόν
510 1201 589 1264 κατά
604 1209 665 1265 τῶν
682 1203 824 1266 ἐναντίων
838 1204 980 1267 ἐπίπλουν
995 1203 1187 1285 ποιουμένου,
1213 1227 1312 1290 προσ-

176 1341 180 1348 ,
205 1299 321 1389 ἦρασσε
343 1304 398 1386 μέν
418 1302 475 1379 τὰς
496 1310 570 1379 ναός
584 1301 731 1387 ἀλλήλαις
745 1312 789 1393 τῷ
806 1303 916 1390 πλήθει
936 1307 1235 1393 στενοχωρουμένας,
1260 1308 1311 1371 καί

166 1413 199 1470 10
207 1408 371 1492 παρεδίδου
398 1404 511 1494 τρόπον
534 1409 602 1471 τινὰ
626 1417 690 1484 τοῖς
709 1409 854 1484 έναντίοις
879 1411 910 1496 ές
930 1407 1096 1483 πατάδυσίν
1117 1435 1148 1473 τε
1168 1412 1217 1474 καὶ
1231 1435 1309 1472 παν-

204 1511 290 1574 τοίαν
306 1507 441 1596 φθοράν.
493 1516 614 1576 πολλῶν
634 1512 667 1575 δὲ
685 1513 736 1575 καὶ
753 1512 854 1576 αὐτῶν
872 1519 1065 1598 στρατιωτῶν
1085 1515 1128 1590 είς
1145 1511 1310 1578 θάλασσαν

205 1609 392 1677 έκπεσόντων
412 1612 467 1689 od}
488 1616 679 1698 ἐπιγενομένη
702 1613 758 1696 τὴν
783 1617 955 1696 ναυμαχίαν
978 1618 1109 1680 διέλυσε·
1135 1618 1186 1678 καὶ
1210 1615 1238 1679 oi
1255 1615 1310 1696 μὲν

206 1718 249 1802 είς
265 1717 444 1780 Ἐλαιοῦντα
460 1722 515 1796 τῆς
537 1715 664 1808 Θρηίκης
687 1714 891 1804 ὡρμίσθησαν
897 1767 907 1796 ,
931 1718 959 1782 ni
986 1720 1019 1783 δέ
1038 1722 1080 1794 εἰς
1094 1717 1148 1782 τόν
1162 1716 1309 1782 Αλάντιον

206 1818 400 1884 είσέπλευσαν
420 1819 535 1901 λιμένα.
588 1817 681 1904 (24)
706 1827 745 1906 τῇ
766 1821 799 1885 δέ
817 1818 963 1912 δστεραίρ
987 1828 1042 1886 τοῦ
1064 1821 1175 1907 βορέου
1196 1826 1311 1886 πολλοῦ

165 1918 406 2001 λόπνεόσαντος,
432 1922 594 2009 προελθὼν
603 1922 751 2004 Ἄβαντος
766 1930 822 1990 τοῦ
836 1928 985 1990 Αίαντίου
1000 1927 1118 2006 λιμένος
1134 1928 1175 2002 είς
1190 1951 1310 2006 ναυμα-

202 2027 276 2109 χίαν
297 2025 544 2112 παρεσκευάζετο.
596 2032 658 2095 τάν
679 2029 712 2092 δέ
732 2025 900 2110 μεινάντων
920 2029 951 2093 έν
970 2035 1014 2116 τῷ
1028 2026 1155 2112 στόματι
1169 2035 1223 2092 τοῦ
1237 2025 1307 2092 Ἕλ-
1392 2029 1398 2042 “

206 2127 377 2213 λησπόντου
397 2127 642 2218 πεντηκοντόρων
660 2132 694 2194 ἐκ
717 2129 952 2218 προστάγματος
970 2139 1030 2196 τῶν
1044 2137 1220 2216 στρατηγῶν
1235 2131 1310 2220 ἀτμ-

206 2233 340 2314 κομένων
367 2237 410 2310 εἰς
427 2234 623 2312 Ἐλαιοῦντα,
659 2239 863 2320 καταπλαγείς
888 2237 935 2300 tut
956 2242 1001 2322 τῷ
1023 2233 1135 2319 πλήθει
1155 2241 1216 2300 τῶν
1237 2241 1311 2299 νεῶν

199 2335 349 2418 Ἄβαντος
362 2339 525 2417 ἐνεδοίαζεν
538 2341 712 2412 ἐπιπλεῦσαι
727 2349 791 2415 τοῖς
803 2341 956 2415 ἐναντίοις.
1002 2342 1069 2424 περὶ
1084 2340 1116 2403 δὲ
1128 2339 1224 2421 μέσην
1235 2335 1310 2420 ἡμέ-

164 2451 265 2526 Ξοραν
278 2436 400 2526 ἀπέρρει
422 2441 477 2524 μέν
498 2440 533 2505 τδ
555 2438 677 2530 βόρειον
696 2449 814 2522 πνεῦμα
820 2491 830 2521 ,
856 2439 944 2518 νότος
961 2443 993 2508 δέ
1010 2439 1141 2517 πνεάσας
1152 2442 1248 2518 πολδς
1259 2444 1310 2508 καί

206 2541 260 2606 τὸν
283 2544 445 2618 Λικιννίου
468 2541 577 2608 στόλον
597 2542 674 2630 πρὸς
694 2551 734 2630 τῇ
756 2551 811 2627 τῆς
824 2546 927 2622 Ἀσίας
951 2543 1047 2632 εάριδν
1073 2541 1152 2628 ἠϊόνι
1177 2545 1232 2620 τὰς
1255 2545 1311 2626 μέν

206 2643 337 2721 ,όκέλλειν
358 2647 471 2724 ἐποίει,
489 2646 546 2735 τὰς
570 2648 603 2720 δὲ
626 2647 750 2734 πέτραις
775 2645 970 2734 προσήρμοσε
974 2695 985 2728 ,
1011 2647 1067 2724 τὰς
1080 2645 1313 2734 δέαδτάνδρους

277 2845 312 2898 13
325 2838 474 2896 Ἐλεοόντα
488 2841 544 2895 Li'.
668 2841 702 2894 14
717 2835 823 2914 άστέρηι
834 2839 888 2906 LP,
1008 2841 1042 2896 17
1058 2839 1115 2900 τῶν
1136 2843 1312 2914 στρατιωτῶν

275 2911 329 2965 br.
435 2913 467 2967 18
482 2906 628 2964 Ἐλεοῦντα
639 2908 694 2964 LP.
811 2915 813 2922 ’

207 3081 313 3154 triginta
323 3082 429 3152 singulis
441 3083 515 3147 remis
525 3084 729 3155 impellerentur,
745 3081 913 3140 dimicandum
931 3086 1100 3148 censuerunt3
1117 3083 1186 3153 qnod
1205 3083 1228 3136 is
1240 3081 1312 3136 locus

207 3162 314 3224 propter
333 3155 463 3236 arrgustias
482 3171 574 3222 magno
593 3153 695 3207 navium
715 3169 820 3204 numero
839 3169 889 3204 uon
906 3159 975 3204 esset
995 3161 1161 3222 opportunus.
1194 3154 1312 3206 Abantus

208 3232 302 3288 autem,
320 3223 468 3275 Limninnae
480 3225 567 3276 classis
580 3223 731 3294 imperator,
749 3221 866 3274 ducentis
877 3221 986 3275 navibus
997 3221 1173 3286 invehebatur,
1192 3229 1219 3274 et
1229 3223 1311 3276 boati-

133 3323 139 3330 ·
206 3292 267 3344 lium
284 3293 385 3354 navium
404 3293 559 3369 paucitatem
579 3295 744 3344 vehementer
764 3292 953 3354 contemnebat,
971 3307 1034 3359 quas
1052 3293 1085 3344 ab
1107 3291 1173 3343 omni
1189 3299 1265 3362 parte
1282 3309 1311 3344 sa

208 3360 277 3420 nullo
295 3362 399 3429 negotio
417 3371 521 3431 putaret
540 3361 703 3414 inclusorum.
747 3360 855 3413 sublatis
873 3359 991 3430 utrinque
1009 3359 1103 3429 signis,
1122 3367 1148 3412 at
1165 3359 1273 3431 proretis
1285 3359 1311 3413 in

208 3429 330 3481 adversos
342 3431 514 3493 tendentibus,
532 3429 694 3484 Constantini
705 3429 827 3481 navarchi
840 3429 877 3482 sio
889 3445 948 3482 suos
959 3430 1072 3497 agebunt
1083 3447 1162 3482 naves
1175 3436 1202 3481 ut
1214 3431 1312 3484 hostem

207 3497 349 3618 pomposite
366 3498 536 3559 adorirentur.
571 3501 686 3582 Abantus
705 3505 806 3580 autern,
824 3499 893 3550 nullo
909 3498 1040 3580 ordinetis
1056 3499 1180 3581 adversos
1190 3499 1311 3567 impetum

208 3583 318 3702 ,titt
333 3584 413 3687 ”tlt
426 3569 742 3703 titatlntltlttttt
758 3567 1312 3708 ‘latitabitlitttttlblttii

207 3703 293 3756 multis
313 3704 394 3756 nautis
411 3713 438 3758 et
456 3707 575 3759 militibus
591 3706 618 3758 in
633 3722 703 3759 mara
722 3706 916 3826 praecipitatis,
949 3722 1000 3758 uox
1018 3705 1200 3774 superveniens
1221 3705 1313 3758 navale

108 3810 111 3815 -
207 3772 330 3842 proelium
340 3771 452 3839 diremit3
470 3782 498 3827 et
507 3774 583 3827 altari
592 3775 720 3848 quideme
751 3775 900 3827 Elaeuntern
911 3774 1039 3826 Thraciae
1049 3775 1216 3844 appulerunt,
1234 3771 1309 3826 alteri

207 3851 309 3963 portum
320 3841 407 3894 Aineia
418 3843 526 3910 ingressi
536 3851 603 3896 sunt.
638 3847 699 3912 (24)
712 3844 835 3913 postridie
846 3843 901 3896 eius
916 3843 974 3907 diei,
992 3861 1048 3895 oum
1060 3845 1222 3896 vehementes
1235 3841 1310 3912 nqui-

218 3911 272 3963 onis
290 3911 368 3971 flatus
382 3919 481 3977 essent,
499 3914 613 3965 Abantus
629 3930 747 3980 egressus
758 3913 845 3965 Aiacis
858 3931 874 3965 e
891 3920 968 3982 portu
986 3911 1100 3964 navalem
1115 3912 1148 3963 ad
1161 3927 1269 3978 pugnarn
1284 3927 1314 3964 aa

208 3979 324 4052 parabat.
359 3981 406 4032 sed
418 3981 485 4050 quod
496 3999 543 4034 eae
553 3982 660 4049 triginta
670 3998 797 4034 remorum
810 3998 907 4048 naves,
930 3997 995 4049 quae
1008 3981 1039 4033 ad
1051 3978 1316 4050 ostium'hlellesponti

208 4051 384 4112 substiterant,
402 4048 451 4103 iam
463 4051 582 4104 mandato
594 4051 684 4103 ducum
697 4052 846 4106 Elaeuntem
859 4069 888 4104 se
898 4050 1071 4114 contulissent,
1084 4050 1202 4102 Abantus
1212 4049 1316 4102 navium

178 4183 183 4190 ι
210 4117 367 4176 multitudine
384 4118 491 4172 territus
508 4120 541 4170 da
560 4119 709 4173 invadendis
731 4119 846 4172 hostibus
873 4119 948 4172 animi
966 4119 1058 4172 dubius
1075 4117 1206 4174 haerebat.
1245 4117 1316 4172 eirea

210 4188 340 4240 meridiem
358 4186 437 4240 flatos
455 4205 471 4240 a
490 4188 604 4241 uilonalis
619 4189 779 4252 remittebat,
799 4195 826 4241 ot
845 4196 950 4241 exortus
967 4195 1054 4240 auster
1071 4188 1208 4240 vehemens
1226 4187 1315 4240 Licinii

210 4257 318 4309 classem
338 4256 371 4309 ad
388 4256 460 4312 littus
509 4257 612 4310 iaticom
628 4265 756 4327 repertam
772 4257 865 4327 partim
879 4257 907 4310 in
923 4257 1004 4328 ipsum
1022 4256 1096 4310 littus
1116 4257 1205 4324 eiecit,
1222 4255 1315 4328 partim

210 4325 278 4379 saxis
288 4325 402 4398 impegit,
419 4327 511 4399 partim
526 4343 580 4381 oum
592 4326 739 4381 vectoribus
753 4327 889 4395 demersit,
905 4326 941 4381 ita
952 4326 1052 4398 quidam
1064 4333 1093 4380 ut
1104 4327 1229 4401 hominum
1240 4325 1314 4398 quiu-
