3025 4892
458 339 535 406 Lllt
560 345 575 404 1
605 337 688 408 clP.
717 343 767 406 10.
793 345 845 405 11.
868 345 918 406 12.
942 345 992 408 13.
1224 337 1272 410 17

174 511 291 601 μητρὸς
316 507 519 596 ἐπιστησάσης
547 509 651 589 αύτοῖς
682 509 855 579 Οὐλπιανόν
887 508 1076 597 ἐπιγνάμονα
1097 515 1149 578 καὶ
1172 508 1275 600 ὥσπερ

176 615 318 683 κοινωνόν
331 622 386 700 τῆς
400 616 505 704 ἀρχῆς,
531 615 633 699 ἐπειδὴ
649 618 700 680 καὶ
715 615 888 699 νομοθέτης
901 608 941 699 ἦν
958 615 1082 701 ἀριστος
1093 620 1144 680 καὶ
1160 617 1195 682 τό
1211 643 1274 682 πα·

176 712 284 807 ρδνεύ
310 723 462 786 διαθεῖναι
485 721 536 784 καὶ
557 719 592 784 τό
613 719 726 802 μύλλου
742 717 894 802 εύστόχιος
912 721 1044 785 συνιδεῖν
1055 717 1200 798 δυνατός,
1224 722 1274 785 ἐπὶ

176 821 275 910 ταύτην
303 821 539 911 δυσχεράνανηες
562 819 715 910 ἀναίρεσιν
738 822 824 910 αύτῷ
845 829 1041 906 μηχανῶνται
1067 826 1223 909 λαθραίαν
1244 823 1276 889 ni

151 931 171 992 5
179 933 369 1012 στρατιῶται.
395 925 582 1009 αἰσθομένης
595 925 628 990 δέ
642 923 752 999 τούτου
766 927 931 1007 Μιιμαίας,
946 928 997 990 καὶ
1013 925 1079 1008 ἅμα
1093 934 1137 1013 τῷ
1151 924 1275 1014 φθάσαι

174 1027 231 1112 τὴν
244 1031 379 1094 ἐπίθεσιν
393 1029 467 1106 τούς
481 1034 579 1094 ταῦτα
593 1027 819 1112 βουλεύσαντας
832 1027 1006 1112 ἀνελούσης,
1027 1027 1131 1115 κύριος
1145 1036 1199 1112 τῆς
1213 1035 1276 1095 τῶν

175 1128 321 1219 ύπόρχιον
351 1131 449 1218 ἀρχῆς
482 1131 654 1210 Οὐλπιανὸς
677 1131 863 1198 καθίσταται
888 1130 990 1214 μόνος.
1042 1135 1075 1196 ἐν
1099 1129 1220 1223 ύποψίη
1242 1133 1277 1198 δέ

175 1243 239 1311 τοῖς
250 1237 467 1327 στρατοπέδοις
475 1233 634 1322 γενόμενος
646 1235 716 1320 (τὰς
725 1238 759 1301 δὲ
771 1237 870 1313 αλτίας
878 1236 1013 1322 ἀκριβῶς
1026 1236 1082 1301 cdx
1095 1235 1154 1318 ἐχιο
1165 1239 1278 1313 διεξελ·

175 1343 259 1404 θεῖν·
272 1327 409 1426 διάφορα
423 1339 482 1425 γάρ
497 1336 757 1425 ἱστορήκασιιπερλ
772 1345 828 1423 τῆς
841 1339 938 1405 αύτοῦ
951 1339 1168 1427 προαιρίσειος)
1187 1341 1277 1404 ἀναι-

134 1451 273 1527 1δρεῖται
297 1440 432 1519 στάσεως
454 1444 646 1526 κινηθείσης,
672 1440 744 1508 onisii
757 1449 814 1508 τού
828 1444 980 1524 βασιλέως
992 1442 1175 1529 ἀρκίοσντος
1191 1443 1277 1530 αὐτῷ

176 1543 254 1630 πρός
275 1542 435 1628 βοήθειαν.
487 1545 567 1629 (19)
592 1547 732 1610 ἐντεῦθεν
755 1545 785 1610 oi
806 1553 989 1630 medresinae
1012 1545 1090 1610 κατά
1103 1545 1207 1632 βραχύ
1221 1551 1276 1630 τῆς

161 1648 461 1734 ιτιρδςἈλέξανδρον
472 1647 588 1724 εὖνοίας
603 1647 843 1723 ἀναστατοῦντες
862 1645 1039 1734 ἀπρόθυμοι
1053 1652 1120 1735 περὶ
1135 1649 1191 1724 τὰς
1203 1647 1278 1714 τού»
1308 1695 1318 1700 -

175 1775 232 1814 του
255 1748 433 1836 προστάξεις
456 1751 613 1836 ἐφαίνοντο
621 1798 631 1828 ,
657 1751 709 1814 καλ
734 1750 793 1814 δίει
820 1756 876 1814 τού
902 1750 947 1833 μὴ
969 1755 1083 1814 παθεῖν
1099 1775 1128 1814 τι
1151 1750 1277 1835 διάτὴν

176 1851 336 1942 ῥᾳθυμίαν
355 1855 398 1929 είς
419 1850 539 1929 πάσεις
560 1849 694 1938 ἐχώρουν
701 1899 710 1931 ,
736 1846 959 1939 ουστραηέντες
975 1877 1008 1918 τε
1023 1850 1199 1939 παρήγαγον
1207 1854 1275 1919 Ἀν-

134 1965 304 2024 15τωνῖνον
318 1957 361 2032 είς
370 1958 536 2036 βασιλείαν.
594 1957 657 2020 ἐπεὶ
676 1957 710 2020 δέ
725 1955 779 2020 τὸν
798 1955 888 2040 ὄγκον
902 1956 958 2020 σύν
975 1955 1102 2040 ἐνεγκὼν
1114 1962 1168 2039 τῆς
1179 1956 1276 2041 ἀρχῆς

179 2064 262 2146 φυγῇ
278 2059 458 2142 κατέστησεν
473 2054 581 2122 ἔαυτόν
596 2058 716 2146 ἀφανῆ,
737 2059 789 2124 καλ
810 2055 961 2145 Οόράνιος
976 2061 1012 2124 δέ
1031 2085 1077 2136 τις
1090 2060 1125 2123 ἐκ
1141 2061 1278 2125 δουλείαν

177 2163 282 2248 γόνους
306 2161 492 2249 ἀναρρηθεὶς
513 2167 702 2249 παραχρῆμα
722 2161 801 2244 μετὰ
822 2167 878 2246 τῆς
896 2158 1076 2249 ἁλουργίδας
1089 2159 1278 2251 Ἀλεξάνδρῳ

178 2262 357 2350 προσήχθη,
383 2265 418 2329 τὸ
438 2265 494 2346 μίν
517 2264 594 2329 κατδ
614 2269 670 2330 τού
687 2264 839 2346 βασιλέαις
857 2263 1003 2349 ηύξάνετσ
1018 2273 1125 2347 μῖσος,
1150 2262 1215 2331 ὅδὲ
1229 2267 1280 2333 ἐπὶ

178 2377 242 2444 τοῖς
261 2365 455 2451 πανταχόθεν
474 2374 666 2454 περιεστῶσιν
682 2364 890 2454 ἀπορούμενος
908 2376 952 2457 τῷ
966 2391 997 2434 τε
1016 2365 1136 2450 σάματι
1150 2370 1201 2432 καί
1215 2379 1280 2445 τοῖς

132 2468 363 2557 eoncedendum
381 2477 535 2556 λαγισμοίς
547 2469 737 2558 ἀλλοιότερσς
753 2463 807 2555 ἦν,
830 2469 907 2537 ὥστε
928 2474 980 2536 καὶ
1003 2473 1206 2559 φιλαργυρίας
1221 2473 1279 2536 αύ-

179 2579 225 2662 τῷ
245 2572 337 2640 νόσον
353 2575 504 2658 ἐνσκῆψαι
524 2579 575 2640 καλ
587 2573 754 2662 χρημάτων
773 2575 928 2659 ἐγκεῖσθαι
951 2572 1103 2661 συλλογῇ,
1129 2571 1278 2641 ταῦτάτε

180 2677 265 2764 παρὰ
281 2684 320 2764 τῇ
330 2679 428 2764 μητρὶ
443 2681 650 2766 θησαυρίζειν.
675 2677 756 2762 (18)
770 2674 901 2759 ἐχόντων
916 2678 952 2742 δέ
966 2677 1050 2766 αύτῷ
1062 2681 1124 2742 τῶν
1134 2675 1278 2764 πραγμά-

179 2805 242 2846 των
265 2780 323 2864 οδχ
349 2778 461 2870 ύγιῶς,
492 2779 533 2847 τά
563 2782 639 2868 περλ-
657 2779 812 2846 Παισνίαν
836 2782 888 2844 καλ
913 2782 1050 2846 Μυσίαν·
1065 2777 1298 2868 στρατεύματα

181 3061 239 3098 num
258 3043 296 3098 eis
310 3044 435 3098 arbitrum
453 3041 577 3114 quasique
593 3047 737 3097 consortem
748 3043 827 3114 oflicii
838 3043 1020 3114 praefecisset,
1036 3045 1104 3112 qnod
1118 3049 1145 3096 et
1155 3040 1279 3098 iuriscon-

181 3115 261 3167 sultus
271 3122 342 3166 meet
351 3114 583 3184 praenuntiamus
594 3117 621 3166 et
631 3120 703 3165 reete
715 3129 759 3166 ros
769 3112 905 3182 disponere
922 3119 1070 3181 praesentes
1079 3127 1112 3165 se
1120 3114 1206 3165 lutura
1219 3131 1281 3184 pro·

181 3183 282 3254 spicere
300 3188 400 3253 posset,
418 3181 511 3235 offensi
526 3181 619 3235 milites
637 3189 743 3234 morum
760 3181 855 3234 bomini
874 3180 1055 3234 clandestinam
1074 3181 1217 3249 moliuntur.
1251 3182 1281 3236 id

181 3245 480 3304 eoni'snimadverdsset
495 3251 626 3316 Mamaea,
640 3250 776 3320 statimque
792 3249 899 3302 delectis
914 3249 1010 3303 insidiis
1021 3251 1107 3303 horum
1121 3251 1281 3304 consiliorum

181 3327 300 3374 tumores
311 3339 327 3373 e
337 3320 422 3372 medio
432 3321 587 3386 sustulisset,
601 3319 710 3389 Ulpiano
721 3319 771 3372 soli
781 3321 967 3389 praefectorum
978 3321 1100 3388 praetorii
1113 3335 1201 3372 οιιιιιιιε
1212 3337 1283 3373 com·

181 3390 298 3442 mittitur.
315 3390 361 3441 sed
373 3389 440 3458 qnod
453 3389 607 3442 exercitibus
618 3389 644 3440 in
655 3388 823 3458 suspicionem
833 3388 946 3441 venisset
955 3389 986 3439 de
998 3390 1080 3440 musis
1091 3405 1155 3458 quas
1167 3390 1282 3458 equidem

182 3466 305 3511 accurate
315 3458 401 3510 dicere
412 3475 462 3510 non
475 3458 572 3522 babeo,
588 3457 689 3526 quando
701 3457 734 3510 de
743 3457 825 3527 ipsius
836 3458 953 3510 instituto
965 3457 1066 3510 diversa
1075 3459 1169 3510 litteris
1180 3459 1283 3528 prodita

182 3533 251 3593 sunt,
269 3525 395 3579 seditione
407 3533 475 3579 mols
486 3527 640 3590 trucidetur,
657 3543 713 3579 eum
725 3543 757 3579 ne
767 3528 825 3595 ipse
835 3526 935 3610 quidem
945 3527 1082 3596 imperator
1092 3528 1116 3578 ei
1126 3543 1200 3596 opem
1212 3529 1282 3580 ferre

216 3595 317 3650 tuisset.
371 3597 441 3665 (12)
459 3595 595 3649 ”cundum
610 3596 673 3648 baec
683 3595 806 3667 paulatim
818 3595 911 3648 milites
926 3611 942 3646 ιι
954 3595 1058 3663 pristina
1072 3593 1098 3646 in
1109 3596 1282 3648 Alexandrum

182 3613 360 3718 ignoscimus
371 3666 520 3718 recedentes
530 3665 562 3716 ed
574 3664 691 3717 obeunda
701 3662 783 3736 ipsius
791 3663 898 3734 imperia
908 3679 997 3745 segnes
1005 3681 1033 3715 se
1043 3665 1179 3733 praebsr03
1190 3665 1283 3716 veriti-

184 3750 235 3804 que
254 3749 286 3786 ne
304 3733 365 3802 qnid
380 3734 414 3787 ob
432 3734 559 3803 ἰςιιεινίιιιι
576 3733 614 3786 eis
628 3734 754 3787 occideret
765 3733 833 3799 mali,
850 3732 882 3783 od
892 3731 1029 3786 sederimus
1039 3732 1161 3797 tendere3
1177 3740 1283 3785 secuto-

184 3813 235 3872 que
251 3817 375 3855 concursu
396 3805 520 3872 quendem
537 3801 687 3856 Antoninum
705 3803 737 3855 sd
753 3802 886 3872 imperium
897 3801 1046 3871 producere.
1081 3802 1127 3854 sed
1139 3819 1195 3854 eum
1205 3802 1227 3853 is
1239 3818 1283 3852 re-

184 3879 274 3924 cusato
290 3871 390 3941 imperii
407 3873 472 3925 mole
487 3873 550 3954 fuga
569 3887 599 3924 se
616 3871 743 3924 bominum
761 3888 794 3924 ex
812 3870 891 3922 oeulis
910 3870 1087 3936 subduxisset,
1104 3875 1132 3922 et
1147 3878 1285 3939 praeterea

185 3939 297 3993 Uranius
326 3941 408 3994 uidam
420 3941 549 3999 exsemli
579 3957 656 3994 enere
673 3941 822 4009 designatus
836 3941 967 3992 confestim
980 3955 1028 3990 vna
1040 3954 1096 3991 eum
1110 3953 1223 4007 purpura
1237 3936 1285 3988 ‹le-

184 4009 275 4062 ductus
293 3957 327 4061 ιιά
343 4011 515 4062 Alexandrum
536 3958 642 4080 fuisset,
666 4017 817 4078 conceptum
841 4007 942 4077 quidem
963 4009 1086 4060 adversus
1101 4007 1135 4089 Ιἰιιι
1150 4013 1284 4088 'erratorem

185 4077 320 4132 cresccbat
333 4079 433 4144 odiume
451 4079 506 4149 lpse
517 4095 579 4131 vero
591 4078 651 4148 quid
661 4078 688 4131 in
698 4079 919 4131 circumstantibus
932 4077 1042 4146 undique
1054 4025 1171 4143 peraccis
1185 4075 1286 4126 faceret

184 4147 325 4213 haesitans,
345 4155 373 4199 et
392 4155 500 4217 corpore
515 4153 625 4200 mutatus
642 4153 699 4200 erat
719 4154 745 4200 el
761 4144 846 4200 inditis
865 4162 881 4198 e
897 4153 989 4198 notura
1001 4144 1104 4196 dotibus
1116 4143 1201 4211 enimi,
1218 4144 1285 4195 selec

184 4215 285 4284 quidem
295 4223 325 4269 ut
336 4233 391 4269 eum
404 4217 529 4270 avarities
540 4217 642 4269 morbus
652 4215 801 4279 invaderet,
818 4221 938 4284 totosque
956 4211 1106 4281 colligendis
1139 4211 1234 4265 eeuuiis
1244 4213 1287 4264 in-

186 4286 307 4338 cumbens
322 4286 391 4356 apud
408 4293 511 4340 meuem
525 4303 538 4338 e
579 4286 738 4339 reeonderet.
775 4285 849 4354 (13)
867 4285 916 4337 hoc
927 4281 1001 4336 modo
1012 4283 1103 4334 maleo
1125 4283 1189 4334 ectio
1201 4283 1287 4345 rebus,

184 4354 230 4424 qui
242 4361 315 4407 erent
328 4355 355 4408 ln
366 4355 499 4410 Pannonis
543 4354 662 4423 αεείιιηιιε
679 4355 818 4419 exercitus,
835 4352 924 4406 alienis
944 4351 979 4405 sb
993 4351 1048 4422 ipsc
1060 4351 1109 4405 ism
1121 4350 1218 4421 pidem
1230 4347 1286 4401 eni-

229 4434 356 4487 Zooinrus.
1061 4431 1083 4488 2
