3025 4892
256 291 279 338 x
312 261 314 265 ’
661 271 936 340 REITEMEIERJ

255 456 346 516 arisit.
390 453 513 515 editioni
523 445 650 515 manae
660 457 721 530 itti,
743 465 861 534 praeter
873 465 959 515 notas
967 455 1185 530 ,sententiarum
1198 473 1348 512 summam

256 561 440 622 continentes
461 569 491 617 et
509 558 748 634 emendationes,
770 569 911 639 utrasque
934 557 974 618 ad
996 575 1081 616 oram
1099 557 1168 615 libri
1186 560 1346 636 appositas,

255 659 340 717 nulla
361 673 547 720 accesserunt
570 671 755 722 omamenta.
797 663 830 719 in
854 662 952 719 fronte
973 663 1070 739 posita
1089 669 1135 719 eet
1153 657 1275 717 editoris
1292 681 1346 738 pro

253 762 374 826 Zositno
395 765 548 842 apologia,
570 775 604 826 ut
626 775 742 822 scutum
763 773 952 842 praetentum
973 759 1115 820 adversus
1135 760 1297 840 Nicephori
1316 771 1347 820 et

252 863 375 942 Evagrii
395 865 497 925 futiles
517 863 655 946 quidem,
676 885 782 944 graves
801 877 904 924 tamen
922 866 976 923 itta
995 873 1092 923 aetate
1106 874 1136 923 et
1147 865 1259 922 Zosimi
1274 861 1347 922 fidei

251 967 375 1027 infestas
394 970 622 1027 criminationes.
666 971 741 1045 alia,
764 971 901 1050 quamvis
916 986 978 1024 non
990 967 1081 1023 totius
1097 962 1254 1042 historiae,
1275 987 1346 1027 ver-

249 1069 310 1148 sio,
331 1073 443 1148 passim
466 1067 650 1151 discrepans,
673 1081 772 1131 exstat
794 1074 827 1128 in
848 1071 978 1129 Historia
998 1071 1150 1146 Angusta,
1172 1089 1250 1151 qnae
1267 1073 1344 1129 circa

249 1189 362 1236 anuum
377 1174 458 1237 1600
473 1174 571 1232 lucem
587 1173 672 1234 vidit.

145 1300 173 1350 p.
192 1295 234 1335 vu
336 1275 417 1346 Quae
439 1275 546 1333 Latine
565 1275 662 1336 studio
682 1277 858 1336 Leunolarii
874 1271 1023 1354 prodierat
1038 1269 1180 1348 nnana,
1202 1276 1343 1333 eainter-

248 1375 353 1453 positis
366 1377 500 1456 quinque
513 1381 597 1442 annis
620 1379 734 1460 (1581,
757 1390 787 1438 et
800 1380 881 1442 1611
897 1373 1041 1456 repetita)
1063 1395 1154 1455 opera
1167 1374 1345 1456 HStephani

250 1497 319 1536 curn
332 1477 502 1542 Herodiano
517 1481 629 1540 Graece
644 1482 731 1554 exiit,
751 1482 888 1538 versione
901 1479 1122 1542 Leunclaviana
1136 1489 1166 1537 et
1177 1479 1341 1550 nonnullis,

249 1584 386 1662 quamvis
398 1584 570 1662 perpaucis,
593 1583 835 1660 castigationibus
852 1592 881 1639 ct
894 1583 1006 1641 notulis
1019 1584 1173 1641 instructa.
1215 1589 1341 1661 utraque

248 1682 359 1758 editio,
382 1683 482 1762 dispar
500 1685 597 1748 fauna
611 1695 640 1742 at
655 1682 776 1758 ardiae,
797 1685 830 1741 in
845 1684 968 1765 reliquia
982 1685 1040 1743 sibi
1055 1685 1178 1760 similis,
1199 1683 1341 1763 Lugduni

247 1786 348 1844 lucem
370 1784 461 1844 vidit:
486 1789 616 1844 continet
634 1796 734 1842 autem
753 1787 844 1844 libros
860 1785 953 1843 modo
969 1783 1045 1844 duos
1058 1791 1188 1864 priores,
1208 1786 1242 1844 id
1260 1787 1341 1868 qnod

188 1907 190 1916 ’
247 1889 360 1952 mittun
384 1885 480 1946 videri
504 1886 609 1962 debet,
632 1889 658 1953 si
677 1897 841 1945 veruinast
855 1885 1180 1967 quodvulgatumest,
1200 1909 1218 1946 a
1237 1892 1340 1952 Leun-

248 1991 344 2048 ciavio
357 1987 544 2066 Stephanum
558 1989 692 2049 oodioem
704 1989 851 2052 Graecum
864 2001 1018 2068 acceptum
1030 1988 1179 2066 hahuisse,
1202 1997 1340 2074 quamvis

247 2104 366 2172 praeter
385 2093 553 2154 versionem
573 2093 713 2149 Latinam
733 2090 811 2150 nihil
831 2095 894 2152 eius
908 2095 1023 2150 nomini
1039 2112 1074 2150 ac
1089 2091 1267 2158 humanitati
1283 2097 1338 2152 tri-

246 2195 355 2262 buerit.
397 2204 432 2252 nt
445 2195 482 2252 iis
499 2195 552 2274 qui
569 2213 624 2254 nos
637 2195 741 2274 legunt
755 2194 857 2253 iudicii
872 2197 956 2273 copia
970 2197 1037 2272 fiat,
1060 2196 1217 2275 epistolam
1236 2201 1338 2262 Lean

246 2297 352 2370 oiavii,
375 2313 466 2376 quam
488 2297 520 2353 in
543 2299 738 2364 accusationis
758 2296 850 2359 fidem
870 2295 1028 2373 exhibent,
1057 2318 1098 2356 ex
1114 2298 1338 2378 Goldastiiipi-

244 2399 329 2461 atoiis
345 2394 538 2476 Philologiois
559 2395 627 2478 (ep,
643 2398 684 2462 72
698 2417 729 2476 p.
744 2396 827 2475 305)
849 2396 909 2457 huc
924 2401 1083 2463 transferre
1095 2403 1205 2484 placet.

326 2503 370 2558 Io.
386 2501 585 2560 Leunclavius
600 2498 781 2578 HStephano
797 2501 829 2559 S.
852 2501 1046 2582 (Genavam)

284 2633 329 2660 -.-
347 2635 391 2660 -,-
410 2633 453 2647 -
481 2603 563 2661 hunc
584 2600 782 2684 (Zosimum)
804 2623 857 2681 ego
878 2602 935 2669 tili
956 2627 1050 2663 amna
1071 2625 1137 2665 mea
1156 2609 1337 2686 &scrutatus

242 2705 455 2784 diligenterque
475 2705 617 2767 collatum
637 2716 666 2766 et
683 2705 871 2769 emendatum
888 2707 985 2777 mitto,
1004 2719 1039 2766 ut
1049 2707 1204 2768 bt'storrizm
1218 2688 1336 2769 Roma-

241 2827 313 2872 nam
335 2827 484 2868 crinorum
506 2809 588 2870 1200
608 2807 647 2865 ab
670 2807 753 2867 urbia
771 2811 886 2888 origine
906 2809 950 2867 acl
966 2811 1114 2869 multum
1129 2834 1223 2891 resque
1239 2816 1335 2871 conti-

240 2920 366 2967 nuamm
381 2909 489 2968 babere
500 2913 665 2988 passimam,
685 2911 930 2988 suppeditaturus
945 2913 1034 2969 dcam
1047 2917 1265 2972 conversionem
1281 2913 1334 2974 bo-

240 3033 312 3070 nam
329 3023 358 3069 et
374 3013 571 3084 laeculentum,
594 3032 670 3092 qima
695 3014 811 3072 tludtcm
827 3023 942 3089 parata
963 3004 1112 3087 apud'me
1131 3025 1182 3071 eat.
1227 3033 1333 3072 cccrum

237 3115 294 3174 ltoc
319 3095 404 3174 creda
427 3117 504 3174 matti
523 3137 598 3194 opus
621 3127 676 3188 est,
698 3113 782 3192 quod
801 3113 926 3171 abunde
945 3133 1006 3168 nou
1016 3112 1116 3191 fitcile
1140 3135 1328 3194 eormeqtmrc.

240 3219 320 3286 deest
327 3239 442 3296 parum
455 3219 486 3273 in
491 3217 560 3290 fiac
568 3218 665 3294 prinei
677 3213 761 3285 libri,
779 3235 892 3292 parum
907 3215 940 3271 iu
950 3215 1101 3299 principio
1117 3217 1253 3289 meandi,
1269 3241 1332 3296 Ρη,

240 3339 310 3378 retus
324 3323 356 3376 in
373 3319 468 3384 medab
483 3319 593 3398 quinti,
608 3338 724 3399 parum
738 3317 865 3399 denique
881 3317 989 3391 iufine
1003 3318 1085 3377 sexti.
1133 3339 1210 3396 quae
1232 3323 1335 3380 omnia

241 3433 370 3499 exspecto
391 3441 425 3478 ex
443 3422 550 3492 Italia,
571 3420 728 3479 ctduadam
743 3422 836 3479 antici
849 3439 952 3496 opera,
975 3422 1029 3498 qui
1046 3419 1208 3477 odatodam
1225 3435 1334 3481 secreto

240 3525 383 3583 custodiri
400 3523 551 3610 quoddam
575 3525 641 3580 istic
658 3521 809 3601 excoquat
825 3522 902 3588 milti
914 3525 1079 3594 nrtntiwit,
1101 3523 1187 3580 cuius
1201 3525 1265 3601 ipae
1280 3545 1331 3583 eo-

234 3630 322 3705 piam
344 3627 384 3700 sit
408 3623 575 3693 habiturus.
620 3622 711 3692 audio
737 3637 765 3682 tc
787 3625 892 3684 Pbatii
913 3623 1121 3684 bibliothecam
1144 3625 1265 3699 babere,
1293 3627 1331 3684 dc

239 3751 301 3808 qua
317 3727 424 3788 cellam
443 3730 623 3806 usurpatum
649 3727 686 3786 de
710 3727 827 3794 Zosicw
842 3727 965 3788 accam
977 3731 1116 3796 uitam,
1160 3750 1235 3788 nam
1249 3750 1331 3801 mea,

237 3853 314 3910 quac
329 3832 472 3910 instante
481 3835 583 3910 posita
596 3830 690 3901 viles,
711 3830 827 3888 alicubi
841 3842 983 3908 conrepta
997 3842 1076 3900 eraut.

319 3937 374 3992 His
389 3935 484 3993 literis
499 3935 526 3994 si
539 3932 613 3992 tides
626 3931 765 3992 habenda
780 3937 835 4008 sit,
855 3933 1013 3992 illiberalis
1025 3953 1096 3995 sane
1109 3943 1140 3995 et
1150 3953 1257 4012 partam
1269 3931 1329 3993 hoa

232 4037 311 4094 nesti
333 4038 426 4094 animi
447 4055 514 4095 rens
529 4039 586 4093 erit
600 4031 787 4116 Stephanus,
810 4034 891 4116 qnod
909 4036 1016 4093 ociavit
1034 4038 1082 4094 cni
1096 4035 1224 4094 debebat
1243 4036 1328 4094 codi-

232 4158 298 4194 cem
313 4139 475 4196 Graecum:
498 4149 600 4196 tamen
615 4135 691 4195 haec
706 4137 818 4201 invidia
834 4139 925 4208 variis
937 4141 1046 4216 poterit
1060 4139 1223 4198 rationibus
1238 4139 1275 4196 ab
1291 4159 1328 4196 en

232 4241 373 4299 amoveri,
417 4237 587 4320 discrepant
604 4239 782 4301 lectionibus
795 4238 946 4328 Stephani
961 4239 1053 4300 editio
1072 4251 1107 4300 et-
1117 4237 1216 4300 codex
1225 4243 1327 4299 Leun-
1344 4306 1348 4316 Ι
