3025 4892
597 319 869 408 olsinsmo.
1169 345 1278 398 mm

187 500 379 562 barbarorum
399 511 499 580 erant,
521 515 666 586 tauquam
677 521 738 566 unc
752 507 815 566 ictu
829 505 931 566 omnis
941 517 1122 568 canuerant.
1139 507 1176 590 ²)
1218 530 1272 572 su-
1285 525 1315 578 c·
1328 522 1411 562 11¹ss

187 605 335 664 stantabat
353 607 472 664 interim
494 605 636 683 Stilicho,
658 625 750 690 quem
769 609 910 668 ultimum
927 611 1045 689 imperii
1062 611 1199 670 colomeo
1214 609 1276 672 ha·

186 707 298 766 sebam
316 709 459 782 Romani,
480 708 614 768 labantes
630 711 852 789 provinciarum
866 710 906 770 ad
923 731 1061 770 occasmn
1075 730 1139 788 res,
1155 711 1195 792 ²)
1215 711 1274 774 do-

186 819 244 868 nec'
260 828 296 868 ao
315 810 430 868 sublato
450 811 632 870 extrinsecus
648 813 733 870 illata
748 813 794 871 vis
808 829 874 870 ram
888 814 1056 872 Romanam
1067 816 1186 892 penitus
1199 835 1273 895 pes·

186 909 345 970 snmdedit.
386 910 544 973 Alarichus
554 914 635 972 enim
645 913 678 970 in
686 913 855 992 provincias
864 916 1067 974 Romanormn
1078 913 1189 976 effusus
1202 936 1272 978 cum

184 1014 337 1091 ingentem
354 1011 578 1072 multitudinem
594 1023 658 1072 tam
674 1013 869 1074 barbarorum
888 1033 980 1097 quam
1001 1035 1170 1093 semorum,
1192 1037 1271 1100 quae

185 1110 224 1174 sd
248 1133 318 1172 sum
340 1113 550 1191 confugerant,
570 1116 603 1174 in
622 1112 714 1173 fidem
727 1116 886 1194 recepisset
899 1117 1002 1198 eisquc
1015 1135 1104 1176 suum
1116 1119 1208 1179 robur
1219 1121 1273 1181 iir-

184 1227 309 1291 masset,
327 1211 366 1296 8)
387 1215 538 1274 Romanos
554 1218 678 1276 consilio
694 1214 835 1296 prudenti
849 1215 1022 1294 destitutos,
1043 1227 1074 1276 et
1089 1218 1273 1298 praesidium

183 1335 281 1398 neque
303 1321 335 1390 in
352 1315 411 1375 fide
430 1316 622 1378 barbarorum
634 1317 673 1398 ⁴)
694 1337 793 1401 neque
813 1317 847 1377 in
868 1316 979 1378 ducum
996 1339 1068 1378 snae
1088 1321 1187 1399 gentis
1208 1323 1274 1382 vir-

183 1427 246 1478 tute
262 1415 301 1500 ⁶)
323 1416 485 1495 habentes,
506 1421 549 1479 ita
571 1420 681 1478 afflixit
701 1429 751 1496 ut,
774 1420 923 1480 exstincto
946 1422 1042 1481 ferme
1062 1423 1184 1480 nomine
1207 1425 1273 1482 Ro-

181 1540 289 1595 nam,
311 1523 481 1600 provinciae
505 1532 591 1580 extra
611 1522 729 1580 Italiam
750 1521 815 1580 fere
833 1541 938 1584 omncs
954 1532 1007 1583 aut
1020 1524 1139 1584 vestitis
1154 1520 1271 1584 deleam

182 1633 234 1682 snt
248 1622 441 1682 barbarorum
456 1621 580 1684 dicionis
593 1623 690 1682 factas
706 1632 816 1682 cuent.

265 1793 301 1848 ln
314 1787 362 1848 his
378 1791 593 1852 calamitatibus
603 1791 722 1871 imperii
734 1791 863 1851 Romani
874 1791 1028 1871 causisque
1044 1800 1074 1850 et
1088 1789 1202 1870 origine
1217 1811 1270 1851 ea-

179 1911 249 1951 rnm
268 1889 455 1972 explicandis
473 1913 541 1952 cum
554 1895 692 1953 Zosimus
706 1895 778 1953 satis
792 1887 928 1951 sollerter
939 1903 969 1952 et
984 1913 1052 1953 cum
1065 1891 1156 1952 laude
1167 1913 1270 1954 versa-

179 2004 229 2053 tus
252 1993 306 2068 sit,
330 1990 364 2051 id
381 2002 482 2052 teman
503 1994 661 2071 miramur,
693 1991 776 2076 quod
792 1990 925 2054 Alarichi
942 1995 1075 2074 primum
1096 1994 1130 2052 in
1150 1995 1271 2054 Italiam

180 2091 358 2156 descensum
376 2095 465 2174 plane
484 2095 598 2171 omisit,
621 2105 651 2154 et
665 2095 830 2156 Alanomm
841 2093 1045 2158 vandalorum
1058 2103 1089 2154 et
1100 2094 1269 2156 Suevorum

177 2197 213 2256 in
227 2197 357 2256 Galliam
368 2197 563 2275 irruptionem
575 2194 671 2256 obiter
683 2207 801 2257 tantum
814 2199 921 2277 attigit,
932 2195 971 2278 θ)
993 2216 1061 2256 cum
1071 2206 1172 2257 tamen
1183 2208 1268 2256 utra-

178 2318 239 2382 que
253 2299 405 2358 calamitas
419 2295 459 2358 ad
470 2296 622 2358 excidium
636 2299 756 2380 imperii
773 2299 976 2359 efficacissima
989 2299 1146 2358 exstiterit.
1189 2319 1268 2380 quae

177 2399 367 2462 obsidionem
393 2402 507 2460 Romae
531 2397 692 2461 secundam
715 2419 769 2460 seu
788 2401 923 2477 tertiam,
946 2401 1029 2460 mains
1048 2409 1149 2459 noster
1161 2397 1195 2458 iu
1207 2399 1268 2459 fine

176 2499 320 2564 historiae
332 2503 515 2562 mentionem
527 2501 616 2580 facit,
638 2511 820 2584 exceperunt
832 2503 912 2561 mala
924 2511 955 2562 et
966 2503 1073 2562 ultima
1084 2501 1188 2560 Italiae
1204 2503 1268 2562 cla-

178 2602 249 2684 des,
271 2604 415 2688 quamdiu
436 2605 479 2664 ibi
501 2605 707 2685 imperatoriae
730 2601 884 2683 dignitatis
901 2605 1007 2663 umbra
1025 2606 1156 2682 exstitit,
1182 2627 1218 2666 ea
1232 2609 1267 2666 in

176 2709 292 2788 Zosimi
310 2706 434 2768 historia
450 2707 586 2767 fortrmae
599 2705 755 2786 iniquitate
772 2701 992 2781 desiderantur,
1013 2724 1073 2788 quo
1089 2707 1216 2767 eilicitm
1230 2717 1266 2768 nt

177 2811 381 2870 calamitatum
398 2809 516 2888 imperii
536 2807 684 2886 expositio
701 2803 784 2865 hand
797 2803 836 2864 ad
849 2805 940 2863 finem
949 2805 1092 2885 perducta
1104 2797 1167 2867 sit.'
1194 2819 1265 2867 tan-

176 2909 249 2971 dem
274 2911 353 2972 orbis
378 2909 507 2970 Romani
532 2906 608 2967 haec
632 2907 691 2966 fuit
710 2907 825 2967 Zosimi
843 2917 939 2966 aetate
962 2907 1055 2966 iacies
1077 2927 1113 2965 sc
1133 2907 1266 2970 faunus.

175 3016 278 3075 omnia
300 3033 318 3073 a
335 3010 469 3072 barbatis
490 3009 684 3086 tenebantnr3
704 3009 866 3092 pleraeque
886 3009 924 3068 ab
942 3009 981 3069 iis
996 3009 1167 3089 provinciae
1180 3020 1266 3070 erant

174 3127 353 3198 occupatas,
374 3124 489 3174 ceteras
508 3120 560 3172 ant
580 3113 628 3172 sui
645 3113 719 3172 iuris
734 3111 831 3171 factae
851 3119 903 3169 ant
921 3111 1000 3189 agris
1018 3108 1195 3194 oppidisque
1208 3132 1265 3172 va-

174 3220 260 3278 stetis
283 3216 434 3292 desertae,
466 3213 541 3275 adeo
561 3223 595 3274 ut
616 3214 704 3276 urbes
724 3215 802 3274 aliae
821 3215 864 3272 ita
883 3232 901 3271 a
921 3209 1124 3272 fundamentis
1144 3214 1265 3273 excisas

174 3327 275 3378 essent
293 3327 328 3377 ut
344 3318 471 3398 vestigia
490 3319 545 3378 rix
562 3315 720 3376 hominum
741 3316 836 3376 oculis
860 3315 999 3394 cognosci
1021 3324 1158 3394 possent,
1185 3315 1264 3373 aliae

173 3415 320 3479 haberent
344 3420 474 3495 incolas,
503 3415 558 3478 sed
580 3437 661 3478 raros
680 3437 790 3497 egenos
810 3427 840 3476 et
859 3413 900 3475 ed
920 3426 1088 3476 extremam
1107 3418 1263 3477 miseriam

172 3519 320 3582 redactos.
335 3517 378 3600 ⁷)
419 3521 624 3600 ingenium,
646 3538 774 3602 quornm
789 3519 875 3600 quasi
887 3529 989 3598 segete
1005 3518 1078 3577 clim
1091 3539 1139 3579 res
1151 3517 1263 3580 huma-
1275 3541 1305 3597 p.
1318 3539 1412 3581 mm

173 3643 233 3684 nas
250 3625 424 3704 rIgnerant,
450 3623 590 3683 sterilitas
609 3622 775 3682 invaluerat
794 3622 945 3697 maxims,
963 3616 1001 3698 ⁸)
1027 3629 1058 3680 et
1078 3622 1172 3682 virtns
1193 3623 1262 3682 bel-

173 3725 234 3786 lica
249 3723 290 3806 ⁹)
312 3745 347 3785 aa
365 3725 485 3801 literae,
504 3723 563 3804 ²⁰)
592 3725 701 3808 quibus
719 3704 864 3785 florebant
881 3724 954 3785 olim
971 3723 1116 3802 Romani,
1141 3726 1262 3803 penitus

174 3846 229 3889 eos
245 3827 448 3890 destituerent.

172 4220 245 4360 si1
270 4291 295 4344 1.
429 4219 501 4360 nme
522 4287 568 4346 n.

216 4385 346 4445 meo.
