3025 4892
222 308 301 385 '116
702 313 853 381 zosuul

224 486 291 553 τίαν
308 480 411 574 γέρων
424 479 658 574 άπερηφάνους,
684 481 719 562 ὃς
734 483 815 550 κατά
831 481 1064 552 Κωνσταντίνοιι
1080 486 1132 551 καὶ
1146 489 1207 550 τῶν
1223 483 1256 562 ἐξ
1270 480 1327 550 uzi-

224 595 282 656 τοῦ
301 587 466 675 γεγονότων
484 588 585 655 άτοπα
605 589 705 654 πολλά
725 585 948 678 συμφορήσας,
973 591 1023 654 καὶ
1048 588 1105 674 τήν
1126 595 1187 654 τῶν
1210 585 1329 654 πόλεων

224 690 378 758 ἀπώλειαν
389 699 430 780 τῇ
440 693 509 781 περὶ
519 693 575 777 τήν
590 692 688 777 ἀρχήν
703 692 830 771 ἀναθείς
844 694 990 784 ἐκμελείρ,
1016 699 1071 777 τής
1085 691 1182 780 ἀρχῆς
1196 693 1332 758 ἐκέλευεν.

223 798 366 880 ἐνστῆναι
388 799 571 885 Μαγνεντίρι
593 795 825 878 Κωνστάντιον,
851 799 878 862 ελ
894 799 947 881 ζῆν
964 796 1049 885 αὐτῷ
1066 797 1136 878 μετ’
1156 797 1328 883 ἀσφαλείας

222 897 443 988 συγχωρήσειεν
464 900 639 986 ἀγαπῶντα
689 906 747 966 τοῦ
770 901 803 966 δέ
820 897 896 966 θεάν
917 926 949 966 τε
971 903 1022 965 καί
1042 903 1128 984 δίκην
1146 898 1351 984 αἰτήσαντοςὸ

221 1005 364 1092 γενέσθαι
386 1004 539 1091 τιμωροιλς
560 1009 617 1069 τοῦ
641 999 844 1081 Κάνσταντσς
861 1000 974 1091 ηάνου,
995 1003 1052 1069 σὺν
1070 995 1173 1080 αάτάῖς
1188 1029 1219 1068 τε
1234 1009 1325 1068 πολε-

219 1106 331 1193 μήσειν
350 1104 503 1187 είπάντος,
530 1105 675 1184 Τιτιανὸς
694 1108 751 1189 μίν
769 1107 846 1194 πρὸς
861 1107 1055 1194 Μαγνίντιον
1068 1107 1218 1172 ἐπανιέναι
1236 1132 1325 1171 σννε-
1438 1116 1441 1122 ’

218 1217 358 1298 χωρεῖτε,
383 1213 434 1275 καλ
449 1217 547 1276 ταῦτα
561 1212 716 1275 Φιλίππου
731 1211 807 1298 παρ’
822 1213 924 1298 ἐκείνῳ
935 1209 1148 1294 μεμενηκότος,
1176 1211 1323 1295 Μαγνίν-

219 1339 285 1392 τιος
310 1315 345 1380 δέ
366 1314 548 1400 προαγαγὼν
569 1313 624 1412 τήν
643 1311 775 1400 στρατόν
781 1362 792 1395 ,
818 1317 946 1382 Σισάίαν
961 1311 1038 1410 ἕλρλν
1055 1317 1088 1391 ἐξ
1102 1311 1216 1401 ἐφόδου
1233 1315 1322 1378 κατέ-

219 1436 357 1501 σκαψεν,
382 1417 521 1483 ἐπελθὼν
547 1417 582 1482 δέ
605 1413 705 1482 πάντα
731 1416 771 1482 τά
795 1421 863 1504 περὶ
888 1411 941 1483 τάν
956 1415 1039 1482 Σάον
1051 1419 1152 1506 χωριά
1171 1419 1222 1482 καί
1239 1419 1321 1482 λείαν
1332 1422 1364 1478 10

132 1517 141 1530 ’
218 1523 361 1605 πλείστην
381 1519 548 1607 ἀπαγαγολν
563 1521 610 1586 ini
625 1520 661 1586 τὸ
676 1522 805 1607 Σίρμιον
817 1521 962 1606 ήλαυνεν,
990 1521 1123 1604 ἀμαχητὶ
1141 1523 1190 1586 καί
1207 1517 1321 1604 ταύτην

218 1623 355 1711 αἱρήσειν
371 1622 517 1708 αίόμενσς.
568 1625 747 1712 διαμαρτὼν
763 1627 798 1691 δέ
809 1631 865 1710 τῆς
880 1623 1076 1714 ἐγχειρήσεως
1101 1621 1320 1710 (ἀπεκρούσθη

215 1729 276 1817 γάρ
299 1725 361 1794 ainsi
383 1754 416 1796 τε
439 1736 497 1794 τοῦ
516 1726 658 1813 πλήθους
677 1736 739 1794 τῶν
757 1727 925 1817 αλκητάρων
943 1731 994 1794 καὶ
1010 1736 1071 1794 τῶν
1086 1728 1322 1812 ἐπιτεταγμένων

214 1831 272 1916 τήν
286 1830 374 1897 πάλιν
391 1829 556 1920 φυλάττειν
569 1834 787 1919 στρατιωτῶν)
810 1835 859 1898 ἐπὶ
879 1831 936 1915 τήν
955 1837 1113 1919 Μοῦρσαν
1129 1829 1234 1916 ἐχώρει
1253 1828 1320 1912 ἅμα

213 1941 255 2023 τῇ
274 1933 401 2018 δυνάμει
420 1933 516 2022 πάσῃ.
565 1942 628 2001 τῶν
649 1937 683 2000 di
704 1936 783 2000 κατά
805 1935 862 2020 τήν
878 1933 967 2000 πάλιν
978 1932 1222 2001 ἀποκλεισάντων
1235 1933 1320 2022 αὐτῷ
1329 1947 1361 2002 15
1437 2017 1444 2024 ,

213 2038 271 2116 etc
292 2035 392 2115 πάλας
410 2040 462 2102 καλ
485 2041 528 2115 εἰς
546 2038 604 2115 τάς
620 2035 757 2115 ἐπάλξεις
782 2035 962 2120 ἀναβάντων
982 2037 1089 2122 ἠπόρει
1102 2040 1169 2125 περὶ
1184 2037 1219 2102 τὸ
1236 2063 1318 2122 πρα-

214 2143 301 2208 κτέον
323 2139 340 2207 ὃ
359 2142 569 2226 Μαγνέντιος,
596 2140 664 2208 οὔτε
684 2141 825 2225 μηχανάς
845 2141 922 2225 έχων
944 2141 1013 2208 οὔτε
1033 2141 1135 2218 άλλως
1150 2139 1318 2224 πλησιάσαι

212 2251 258 2333 τῷ
279 2247 368 2327 τείχει
391 2240 574 2326 δυνάμενος·
595 2248 821 2328 κατηκοντίζετο
838 2245 898 2332 γάρ
916 2245 1022 2327 βέλεσί
1033 2271 1065 2310 τε
1080 2248 1131 2309 καλ
1144 2247 1245 2321 λίθοις
1257 2241 1317 2308 ἀπὸ
1403 2249 1413 2265 ⁰

210 2351 275 2415 τῶν
291 2350 417 2413 ἐπλτῶν
431 2346 583 2425 ἐπάλξεων
598 2349 790 2431 μαχομένων.
840 2351 903 2414 ἐπεὶ
927 2349 960 2414 δέ
983 2351 1035 2414 καλ
1054 2351 1258 2434 Κωνσταντίρι
1276 2347 1316 2412 τά

210 2455 355 2538 περὶτῆς
376 2453 552 2538 πολιορκίας
573 2451 708 2537 ἠγγέλθη
715 2501 726 2532 ,
750 2451 830 2536 μετά
851 2450 953 2537 πάσης
970 2451 1138 2531 ἐξαναστάς
1152 2459 1207 2538 τῆς
1222 2448 1357 2516 δυνά-20

207 2555 292 2637 μεως
314 2555 492 2643 παρεγένετο
508 2554 679 2640 βοηθήσων
692 2563 732 2644 τῇ
745 2555 831 2622 πόλει
854 2554 1089 2660 κινάυνευοάσή,
1115 2557 1316 2643 παραμείψας
1339 2608 1341 2616 .

208 2659 344 2743 Κίβσλιν
357 2661 410 2724 καὶ
423 2664 480 2744 γήν
494 2659 619 2725 ἅπασαν
632 2657 709 2744 ὅσην
722 2657 740 2725 ὃ
756 2662 865 2748 Δρᾶος
883 2673 1039 2748 παραρρεῖ
1049 2658 1196 2744 ποταμός.

216 2854 223 2862 ⁴
311 2763 372 2858 50.
423 2760 563 2852 Μοάρση
593 2765 628 2830 dd
653 2762 828 2849 πλησιάσας
850 2761 866 2831 ὁ
885 2767 1079 2852 Μαγνίντιος
1099 2769 1160 2853 πάρ
1179 2767 1313 2852 προσῆγε

274 2942 309 2998 21
325 2941 508 3013 παραμείψας
524 2937 556 2996 di
572 2941 606 3000 P.

204 3095 341 3151 tuneliosis
352 3095 379 3149 in
391 3095 586 3152 Constantinum
599 3103 626 3152 et
636 3095 704 3151 fiiios
716 3096 772 3151 eins
784 3097 929 3166 congestis,
954 3099 980 3152 et
993 3096 1091 3150 urbium
1103 3093 1207 3148 interitu
1219 3094 1251 3146 ad
1262 3093 1310 3146 ho-

202 3182 259 3219 rum
270 3167 296 3218 in
308 3167 494 3234 gubomatione
505 3169 648 3220 socordiam
660 3169 751 3232 reisto,
771 3169 947 3220 Constantium
960 3168 1065 3236 imperio
1078 3165 1170 3218 cedere
1182 3163 1310 3231 Magnen-

203 3231 241 3287 tio
252 3235 341 3297 iussit,
360 3245 386 3287 et
397 3237 473 3304 aequi
485 3236 596 3305 bonique
607 3237 711 3302 iecere,
729 3237 750 3288 si
763 3237 848 3288 uelde
861 3238 930 3288 vitae
943 3237 1081 3286 securitate
1093 3234 1115 3284 ei
1131 3233 1251 3285 cavisset.
1281 3237 1309 3284 at

201 3303 247 3357 tue
261 3309 379 3374 precatus
392 3303 465 3356 deum
484 3312 562 3372 atque
581 3303 740 3369 Vindictam,
767 3304 914 3372 interempti
932 3303 1078 3360 constantis
1096 3301 1192 3352 ultores
1211 3307 1307 3365 esseut,

201 3366 234 3425 iis
244 3391 272 3425 se
283 3373 346 3425 iocis
358 3372 450 3424 betium
461 3381 591 3440 gesturum
604 3371 649 3423 eit.
685 3381 765 3440 etque
787 3373 823 3424 ita
842 3373 945 3424 Titiano
958 3379 1073 3442 potestas
1085 3371 1116 3422 cd
1131 3369 1307 3434 Magnentiuns

201 3441 322 3494 redeundi
334 3439 484 3508 recensuit,
509 3441 570 3492 iicet
581 3440 713 3510 Philippus
724 3441 792 3509 apud
804 3441 873 3493 illum
887 3441 1007 3494 detentus
1019 3441 1143 3491 haereret.
1180 3439 1306 3504 Magnen-

200 3509 253 3574 tius
266 3509 365 3560 eductis
383 3507 464 3576 copiis
475 3508 582 3561 Sisciam
600 3509 681 3578 prino
700 3523 801 3578 captam
812 3510 906 3582 impetu
918 3511 1020 3562 delevit.
1056 3525 1164 3576 cumque
1176 3508 1231 3560 ioca
1244 3523 1305 3576 pro·

200 3585 260 3662 pter
278 3579 375 3629 Savum
390 3576 473 3658 onnia
486 3577 635 3641 invasisset,
652 3577 836 3660 mapinsanque
856 3579 975 3662 praedant
995 3577 1106 3646 egisset,
1124 3577 1242 3628 Sirmium
1257 3575 1305 3628 du-

199 3645 1305 3786 ttetttttsstttttttitt'tttitttttttttnttttttutti

200 3785 257 3850 bns,
270 3783 361 3852 quibus
373 3783 458 3836 dotum
471 3786 557 3837 fueret
568 3785 639 3836 urbis
651 3785 799 3854 negotium)
819 3786 932 3838 Mursan
945 3783 1070 3838 universis
1081 3801 1137 3836 cun
1149 3784 1231 3852 copiis
1243 3799 1302 3834 con-

199 3853 286 3906 tendit
322 3871 377 3905 cun
390 3853 503 3905 autemii
532 3855 557 3906 ui
569 3862 642 3906 ernist
653 3853 680 3906 in
694 3856 757 3907 urbo
777 3864 866 3924 portas
880 3855 1061 3916 occlusissent‚
1080 3863 1107 3906 et
1117 3853 1141 3904 iu
1154 3867 1301 3922 propugna-

198 3922 256 3975 ouia
277 3921 472 3991 successissent,
527 3923 659 3992 agnentius
679 3941 729 3994 quo
766 3933 823 3976 acto
844 3942 896 3977 rem
915 3923 1102 3992 aggrederetur
1119 3921 1192 3974 enini
1209 3920 1301 3972 dubius

196 3992 334 4061 haerebat,
352 3990 397 4073 qui
416 4007 499 4060 neque
519 3992 650 4044 machinas
669 3995 734 4044 uitas
749 3943 861 4046 iuberet
872 4011 920 4047 nec
933 3993 982 4044 alia
995 3993 1093 4044 ratione
1103 4007 1200 4044 murum
1213 3989 1302 4041 subire

194 4070 292 4131 posset.
323 4061 382 4112 tehs
393 4060 458 4113 eni·
470 4060 586 4130 saxisque
597 4059 736 4130 petebatur
746 4064 781 4115 ab
791 4063 823 4114 iis
836 4063 878 4131 qui
891 4063 924 4114 de
935 4063 1016 4132 pinnis
1028 4061 1183 4130 pugnabant
1213 4057 1299 4110 itidem

193 4131 261 4182 fane
280 4129 416 4182 obsidionis
433 4130 466 4182 sd
478 4130 653 4185 conmenta
671 4133 787 4200 perlata,
806 4133 932 4184 universis
943 4131 986 4184 iile
998 4148 1053 4183 cum
1066 4129 1145 4196 copiis
1156 4145 1229 4196 opem
1242 4128 1303 4178 urbi

193 4198 352 4267 periclitanti
371 4200 470 4253 temnus
485 4202 613 4267 accentu,
637 4215 695 4252 oum
712 4209 740 4253 et
760 4199 866 4253 Gibsiin
886 4209 913 4253 et
929 4201 1072 4254 universam
1088 4197 1232 4266 regionem,
1251 4211 1299 4265 poe

192 4284 268 4338 quam
280 4268 384 4323 Dravus
394 4269 475 4322 omnis
486 4269 595 4338 labitur,
616 4287 633 4323 ι
646 4277 688 4323 tes
706 4288 722 4322 o
733 4269 889 4338 reliquisset.

221 4339 226 4350 '
260 4339 303 4394 50.
338 4336 443 4393 Interim
461 4338 640 4410 Magnentius,
727 4333 955 4412 diurnae'propius
972 4336 1097 4405 adnotis,
1114 4333 1199 4404 ignem
1215 4329 1297 4405 portis
