3025 4892
399 351 734 428 COMMENTARIUS
763 357 1029 427 HISTORICUS.
1196 361 1270 432 357

167 516 427 597 interpretandum
440 519 570 578 ridetur.
613 531 732 581 auctore
747 525 909 602 Anonymo
920 526 1074 584 Bianconii
1088 547 1119 606 p.
1135 529 1193 590 127
1207 547 1269 586 nou

168 602 261 662 modo
274 607 362 682 panis
376 604 551 664 distributus
563 617 623 680 est,
653 626 745 687 quem
754 609 949 685 palatinum,
977 608 1035 668 hoc
1048 622 1092 669 eat
1108 614 1141 669 in
1155 613 1268 690 palatio

170 691 357 763 confectum,
377 691 542 767 vocabant,
564 690 618 750 sed
641 695 732 750 etiam
753 696 866 751 viritim
886 714 953 754 caro
975 698 1081 754 vinum
1099 707 1129 754 et
1151 700 1268 756 anima-

169 775 223 833 lia.
243 775 287 835 R.
335 774 372 833 de
391 779 557 855 perniciosa
576 775 634 835 hac
651 779 837 837 Constantini
856 781 1032 858 largitione,
1060 801 1119 862 qua
1136 779 1268 842 desidio-

168 879 235 918 sam
253 871 283 918 et
301 859 475 920 seditiosam
487 863 677 941 plebeculam
690 865 781 940 aluit,
804 866 843 924 of.
857 867 976 945 Ennap.
990 869 1050 926 Vit.
1068 863 1162 946 Soph.
1177 887 1208 946 p.
1226 866 1265 934 41

167 947 201 1004 in
215 943 356 1005 Aedesio.
397 949 446 1006 H.
1245 961 1248 970 ’

251 1051 284 1111 p·
296 1034 338 1095 98
351 1053 381 1090 v.
395 1035 426 1097 7.
469 1024 612 1095 διελύετο.
656 1031 863 1093 cf.The1nist.
880 1055 923 1094 or.
939 1039 958 1098 3
972 1055 1003 1113 p·
1019 1033 1071 1100 47.

252 1115 295 1175 ib.
313 1135 343 1176 v.
358 1119 409 1180 18.
454 1115 492 1175 de
510 1118 697 1195 praefectura
712 1131 808 1198 praet.
828 1130 917 1200 atque
937 1123 1000 1180 eius
1022 1123 1099 1178 circa
1120 1137 1269 1179 annonam

168 1221 240 1261 aura
266 1198 331 1261 vid.
356 1204 545 1262 Constantini
572 1201 799 1285 Porphyrcgen.
825 1204 968 1266 Themat.
995 1207 1020 1266 l.
1045 1212 1060 1269 1
1094 1207 1123 1264 T
1125 1202 1207 1264 hem.
1234 1210 1268 1268 2.

164 1289 276 1346 aare.
966 1305 969 1312 '

251 1371 294 1430 ib.
338 1366 417 1454 dcxvi
432 1369 563 1452 δευτέρα.
606 1371 1152 1453 rid.Eunap.inProaeres.p.150·
1189 1369 1268 1430 adde
1381 1446 1384 1456 Ι

167 1459 284 1518 Comm.
301 1456 341 1517 ad
355 1459 377 1516 l.
392 1463 412 1522 3
428 1455 469 1516 ad
482 1459 584 1536 legem
597 1460 686 1518 Com.
702 1458 740 1518 de
752 1464 839 1518 sicar.
851 1481 936 1518 num.
952 1464 983 1523 9.
1026 1461 1137 1518 Ritter.

251 1565 283 1623 p.
297 1546 338 1606 99
351 1563 382 1600 r.
397 1547 430 1607 7.
472 1542 535 1601 vid.
551 1546 667 1602 Comm.
682 1543 720 1602 ad
735 1544 873 1608 tocod.
888 1543 949 1604 Th.
965 1543 1114 1603 extraord.
1153 1544 1264 1600 Rr'tter.

250 1627 293 1686 to.
310 1629 409 1690 v.11.
452 1628 624 1708 suppeditat
640 1627 692 1686 hic
709 1631 795 1688 locus
815 1633 930 1688 Zosimi
948 1651 1016 1688 curn
1035 1630 1147 1688 Notitia
1159 1629 1268 1705 Digni-

165 1722 263 1771 tatum
283 1716 440 1792 utriusque
461 1716 582 1792 imperii
604 1717 705 1772 omnia
726 1733 803 1794 quae
826 1713 863 1772 de
882 1715 1101 1794 praefectorum
1119 1714 1268 1791 praetorio

165 1802 343 1877 magistratu
365 1818 419 1876 per
439 1800 667 1857 Constantinum
682 1811 798 1858 mutato
819 1802 906 1858 nobie
928 1821 967 1858 ex
985 1802 1162 1879 antiquitate
1177 1801 1268 1854 irruo-

165 1894 298 1943 tuerunt.
340 1886 473 1962 primum
494 1888 650 1963 Augustus
671 1885 879 1943 corratitueudo
897 1884 972 1944 duos
991 1905 1032 1943 ex
1050 1883 1155 1943 ordine
1173 1901 1268 1962 eque-

164 1973 219 2028 stri
230 1969 412 2049 praefectos,
435 1972 489 2049 qui
502 1973 547 2029 rei
559 1972 697 2028 militaris
712 1991 815 2030 curam
828 1968 990 2044 haberent,
1013 1967 1093 2027 hunc
1107 1971 1268 2046 magistra-

162 2065 229 2112 tum
243 2059 275 2112 in
287 2074 352 2112 rem
365 2055 517 2133 publicam
529 2054 708 2114 introduxit.
740 2067 900 2136 sequentes
913 2059 1107 2134 imperatores
1121 2053 1160 2111 ad
1174 2055 1267 2111 Corn·

162 2139 288 2198 modurn
303 2159 415 2219 usque,
437 2152 555 2200 serrato
572 2144 702 2219 Augusti
717 2143 870 2215 instituto,
894 2144 986 2198 etiarn
1002 2159 1161 2198 nnmerum
1176 2157 1266 2217 prac-

161 2227 310 2284 l'ectorum
323 2236 417 2304 praet.
433 2237 604 2302 servarunt,
626 2226 722 2284 donec
734 2226 934 2302 Commodus,
956 2237 990 2283 ut
1003 2229 1046 2284 rei
1059 2225 1197 2304 publicae
1211 2241 1265 2279 cu-

162 2314 205 2370 ris
225 2313 369 2369 liberatus
389 2313 593 2391 voluptatibus
614 2315 676 2370 suia
694 2315 791 2389 magia
811 2323 912 2390 posset
929 2330 1052 2384 vacare,
1074 2322 1135 2372 tres
1153 2309 1264 2366 consti-

162 2399 220 2455 tuit
232 2398 408 2475 praefectos,
430 2399 540 2477 quibus
553 2400 597 2456 rei
607 2409 673 2456 tum
683 2399 822 2456 militaris
836 2408 899 2456 turn
915 2399 1010 2456 civilia
1024 2415 1093 2454 cura
1106 2395 1265 2453 cotmnissa

164 2493 220 2540 est.
252 2491 357 2558 postea
369 2501 424 2558 pro
437 2493 571 2561 tempore
585 2493 614 2540 et
627 2485 805 2540 necessitate
818 2481 909 2540 modo
923 2485 1077 2560 pauciores
1090 2477 1180 2538 modo
1193 2479 1265 2558 plu-

162 2585 212 2624 res
232 2568 323 2622 creati
342 2576 429 2638 sunt,
452 2564 548 2624 donec
563 2568 774 2625 Constantinus
786 2568 824 2624 iis
836 2569 955 2644 penitus
967 2565 1113 2624 novandis
1129 2567 1264 2622 altimum

162 2649 283 2708 adiecit.
303 2646 366 2706 rid.
378 2649 503 2708 Guther.
518 2649 556 2708 de
571 2651 655 2709 Ollio.
668 2653 758 2708 Dom.
772 2653 851 2728 Aug.
866 2661 895 2708 et
908 2652 1094 2710 Pancirollus
1104 2653 1135 2706 in
1145 2650 1263 2706 Cornan.

162 2734 203 2793 ad
219 2738 312 2794 Notlt.
333 2737 467 2812 imperii,
490 2756 530 2793 ex
552 2755 611 2816 quo
626 2738 847 2814 provinciarum
863 2738 986 2792 uomina
1001 2735 1166 2792 accuratius
1181 2731 1264 2790 indi-

162 2831 229 2880 cata
242 2831 272 2878 et
284 2817 387 2878 ordine
401 2819 545 2902 disposita
557 2819 618 2880 huc
629 2821 791 2880 transferre
804 2833 915 2880 etcum
927 2822 1074 2880 Zosimeie
1086 2836 1262 2897 comparare

160 2904 245 2970 haud
284 2906 386 2964 ruebit.

203 2995 229 3053 1.
244 2925 431 3069 d'rlrffectua
448 2993 599 3070 praetorio
612 3011 671 3069 per
697 2991 847 3051 Orientem
867 3002 1004 3071 praeerat
1024 2991 1156 3070 quinque
1177 2984 1262 3044 dioe-

247 3076 375 3136 cesibus.
419 3077 450 3136 I.
479 3076 607 3136 orientis
628 3088 712 3135 erant
732 3080 904 3155 provinciae
922 3095 983 3136 xv:
1029 3078 1058 3137 1.
1080 3074 1261 3146 Palaestina,

246 3160 461 3238 2.Ph0euice,
495 3167 524 3226 3.
540 3164 645 3241 Syria,
676 3161 708 3226 4.
726 3163 845 3235 Cilicia,
876 3161 906 3226 5.
925 3164 1058 3241 Cyprus,
1090 3162 1121 3220 6.
1138 3157 1259 3230 Arabia,

246 3253 278 3312 7.
299 3250 430 3320 isauria,
460 3251 490 3311 8.
507 3249 678 3306 Palaestina
695 3249 850 3320 salutaris,
880 3249 909 3309 9.
927 3248 1098 3306 Palaestina
1117 3239 1259 3315 secunda,

248 3335 299 3394 10.
316 3331 468 3392 Phoenice
488 3334 612 3408 Libani,
643 3336 693 3394 11.
714 3331 946 3412 Euphratensis,
976 3335 1025 3394 12.
1044 3331 1131 3408 Syria
1145 3329 1260 3387 saluta·

245 3419 301 3491 ris,
333 3421 383 3480 18.
404 3417 574 3491 Osrhoene,
607 3417 655 3480 14.
668 3419 902 3497 Mesopotamia,
934 3416 982 3481 15.
996 3417 1100 3475 Cilicia
1115 3410 1258 3474 secunda.

245 3501 293 3562 II.
323 3502 461 3584 Aegypti
482 3522 532 3562 rrt
569 3507 599 3565 1.
625 3503 722 3582 Libya
749 3505 900 3583 superior,
935 3507 966 3567 2.
997 3502 1094 3580 Libya
1123 3500 1258 3574 inferior,

245 3589 276 3648 8.
305 3584 456 3664 Thebais,
492 3589 522 3652 4.
544 3589 717 3667 Aegyptus,
755 3587 786 3651 5.
809 3588 956 3666 Arcadia,
991 3590 1021 3651 6.
1042 3587 1259 3664 Augustanica.

245 3670 312 3732 III.
328 3672 466 3733 Aar'ance
476 3692 518 3731 xa
542 3677 571 3737 1.
585 3672 783 3753 Pamphylia,
806 3679 837 3738 2.
852 3675 1082 3751 Hellespontus,
1106 3675 1136 3735 8.
1148 3668 1257 3749 Lydia,

243 3753 276 3817 4.
290 3753 419 3832 Pisidia,
448 3762 478 3823 5.
491 3761 660 3837 Lycaonia,
688 3762 718 3820 6.
731 3757 864 3837 Phrygia
877 3761 1053 3832 Pacatiana,
1075 3760 1109 3820 7.
1124 3753 1257 3834 Phrygia

242 3841 392 3915 salutaris,
415 3846 445 3907 8.
453 3845 556 3923 Lycia,
578 3848 608 3908 9.
618 3846 714 3918 Caria,
739 3847 790 3906 10.
801 3845 928 3902 insulse.
972 3843 1033 3900 IV.
1048 3843 1255 3900 Ponticaexr:
1326 3855 1328 3860 ’

245 3926 275 3990 1·
291 3927 424 4001 Galatia,
445 3933 476 3990 2.
488 3927 647 4008 Bithynia,
669 3933 700 3993 3.
713 3931 879 4004 Honorias,
901 3927 933 3992 4.
948 3925 1135 4006 Cappadocia
1148 3927 1255 4003 priano,
1357 3955 1360 3962 ·

242 4011 274 4074 5.
298 4011 484 4090 Cappadocia
507 4012 654 4089 secunda,
677 4017 708 4076 6.
730 4012 956 4093 Paphlagonia,
979 4019 1010 4076 7.
1027 4013 1141 4070 Pontus
1163 4011 1255 4067 Pole-

241 4098 413 4172 moniacus,
435 4101 466 4160 8.
482 4100 710 4178 Hellespontus,
733 4102 764 4162 9.
779 4101 921 4158 Armenla
936 4100 1049 4176 prima,
1082 4099 1130 4158 10.
1147 4098 1256 4154 Arme-

241 4180 293 4236 nia
307 4182 449 4257 secunda,
472 4186 523 4246 11.
537 4185 654 4242 Galatia
666 4187 826 4243 salutaris.
854 4185 892 4244 V.
916 4183 1062 4243 Thracus
1073 4199 1122 4238 vr:
1147 4185 1175 4242 1.
1192 4181 1257 4238 Eu·

243 4283 324 4342 rope,
347 4273 379 4332 2.
393 4266 535 4343 Thracia,
557 4272 588 4332 8.
602 4271 710 4326 Haemi
722 4271 834 4328 montis
849 4267 1013 4347 Rhodopa,
1035 4267 1066 4330 4·
1078 4268 1193 4326 llloeaia
1208 4285 1258 4326 aa·

243 4351 357 4430 cunda,
379 4355 410 4419 5.
425 4353 566 4437 Scythia,
591 4358 622 4420 6.
637 4353 770 4414 officium
785 4357 841 4415 riri
855 4355 990 4416 illustria.
