3025 4892
243 338 316 410 τοι
357 308 361 317 ’
716 336 870 405 zosnn

242 510 309 577 ὅσοι
333 510 501 599 Προκοπίῳ
522 504 795 597 συστρατευόμενοι
810 508 849 575 sd
867 509 1018 592 βασιλέως
1030 504 1188 597 ίιγρόνουν,
1214 510 1246 573 έν
1265 506 1345 593 αὐτῇ

242 622 280 701 τῇ
298 611 383 701 μάχη
402 613 458 696 τήν
480 611 662 699 Αὐγούστου
685 616 892 701 προσηγορίαν
915 610 1091 697 ἀναβοήσας
1114 612 1251 687 ἅπαντας
1271 610 1344 688 τοῦς

243 718 300 784 σῦν
314 716 399 803 αὐτῷ
414 718 469 801 τήν
489 717 584 800 αάτήν
600 717 721 805 ἀφιέναι
742 717 848 805 φωνήν
870 715 902 781 έιι
924 742 1005 793 τινος
1026 716 1116 781 ἐποίει
1134 712 1342 797 συνθήματος,

244 812 281 885 οῦ
306 820 344 903 δή
367 822 525 905 γενομένου
547 818 738 907 μετεχώρουν
760 819 890 898 ἅπαντες
914 818 943 885 οἱ
964 822 1148 903 Προκοιὶίου
1159 825 1342 905 στρατιῶται

243 923 321 1010 πρὸς
339 921 506 989 Οὐάλεντα.
557 921 574 988 ὅ
593 926 625 989 δέ
641 923 719 1006 μετά
733 924 789 1007 τὴν
807 927 891 1007 νίκην
909 933 976 999 ταῖς
993 920 1143 1009 Σάρδεσιν
1153 918 1369 1005 έσιδημήσαςὸ

245 1026 385 1091 κάκεῖθεν
398 1028 445 1091 int
464 1028 602 1113 Φρυγίαν
617 1025 748 1105 ἐλάσας,
770 1024 865 1114 εῦράιν
882 1028 916 1092 δέ
931 1027 983 1093 τὸν
998 1024 1176 1114 Προκόπιον
1191 1026 1223 1089 ἓν
1237 1030 1345 1091 Naxo-

245 1132 311 1219 λείη
335 1136 374 1217 τῇ
398 1128 499 1209 πόλει,
519 1130 680 1195 κάνταῦθα
698 1128 790 1195 πάλιν
805 1131 965 1216 ’Λγίλωνος
980 1138 1035 1194 τοῦ
1052 1131 1231 1216 Προκοπέου
1248 1153 1345 1214 στρα-

244 1238 339 1318 τηγοῦ
356 1232 391 1297 τδ
409 1239 536 1319 πρᾶγμα
557 1233 635 1319 πρὸς
650 1232 685 1297 τδ
705 1240 748 1319 τῷ
764 1238 890 1316 βασιλεῖ
911 1238 1086 1298 λυσιτελοῦν
1102 1234 1271 1309 διαθέντος,
1286 1232 1346 1295 ένί-

244 1362 284 1399 κιι
300 1334 379 1399 κατὰ
395 1334 506 1423 κράτος
520 1332 536 1400 ὅ
557 1334 681 1420 Οῦάλης
689 1385 699 1415 ,
718 1334 796 1402 ὥστε
816 1340 867 1402 καὶ
883 1336 978 1402 αῦτοῦ
993 1343 1148 1424 κυριεῦσαι
1164 1342 1220 1402 τοῦ
1232 1362 1345 1422 τυραν-

245 1436 403 1520 νήσαντος,
425 1438 460 1504 οῦ
475 1445 579 1528 πολλῷ
596 1440 629 1505 δέ
643 1438 771 1529 ὕστερον
786 1442 837 1506 καὶ
855 1439 1043 1527 Μάρκελλον
1057 1446 1228 1522 συλλαβεῖν.
1270 1435 1341 1503 τοῦ·
1354 1450 1390 1503 10

244 1566 318 1617 τους
339 1543 395 1624 μέν
421 1533 475 1607 οῦν
500 1540 698 1629 διεχρήσατο,
724 1540 821 1630 εῦριδν
841 1546 875 1608 δέ
887 1541 1049 1628 βασιλικήν
1064 1569 1132 1608 τινα
1148 1542 1234 1630 παρά
1246 1546 1346 1626 Μαρ-

247 1646 341 1732 κέλλῳ
363 1644 474 1729 στολὴν
499 1642 559 1711 sind
585 1648 764 1734 Προκοπιόυ
792 1649 956 1732 δεδομένην
974 1648 1078 1735 αὐτῷ,
1103 1648 1154 1711 καὶ
1182 1646 1235 1711 διὰ
1256 1652 1346 1710 τοῦτο

245 1744 382 1831 μάλιστα
397 1750 549 1833 κινηθείς,
575 1748 689 1836 έπεξήει
706 1756 822 1836 πικρῶς
844 1749 949 1830 ἀπασι,
976 1748 1207 1837 διερευνώμενος
1224 1748 1259 1813 οῦ
1276 1746 1348 1824 τοῦς

247 1849 485 1937 συμπράξαντας
502 1860 541 1938 τῇ
554 1856 709 1938 τυραννίδι
724 1852 819 1936 μόνον
833 1854 913 1919 ἀλλά
932 1856 984 1918 καὶ
1000 1853 1073 1931 τοῦς
1087 1860 1141 1935 τῆς
1154 1856 1269 1935 βουλῆς
1282 1876 1346 1915 κυι-

245 1950 440 2036 νωνήσαντας
457 1954 477 2038 ἢ
491 1954 569 2033 ὅλως
581 1954 772 2033 ἀκούσαντάς
789 1982 818 2021 τι
833 1961 883 2021 καὶ
897 1956 942 2041 μὴ
958 1965 1147 2044 παραχρῆμα
1162 1955 1197 2021 ιδ
1213 1951 1389 2037 μελετῶ-15

247 2080 339 2138 μενον
361 2057 610 2149 ἀπαγγείλαντας.
668 2059 764 2136 πολάς
786 2062 819 2125 δέ
841 2052 879 2143 ἦν
901 2058 1121 2125 κατὰπάντων
1143 2057 1200 2125 σῦν
1220 2058 1349 2147 οὐδεμιᾷ

249 2160 344 2245 κρίσει
366 2161 469 2249 δικαίη
486 2166 615 2247 χωριῦν,
642 2164 693 2225 καὶ
714 2161 927 2249 παρανάλωμα
948 2169 1002 2246 τῆς
1021 2170 1078 2227 τοῦ
1092 2160 1242 2247 βασιλέως
1257 2160 1349 2247 ἀργῆς

248 2262 281 2325 οἵ
297 2286 328 2327 τε
350 2268 405 2327 τοῦ
422 2270 623 2349 νεωτερισμοῦ
639 2262 842 2349 μετασχόντες
857 2268 909 2331 καὶ
926 2266 955 2331 oi
976 2266 1055 2331 κατά
1069 2267 1166 2351 μηδέν
1188 2264 1279 2329 αἶ’τιοι
1296 2262 1348 2328 διά

249 2364 451 2451 συγγένειανή
470 2370 574 2453 φιλίαν
592 2370 733 2453 έγίνοντο.

351 2466 386 2537 9.
438 2474 511 2535 Τῶν
532 2472 566 2536 δέ
590 2471 669 2536 κατά
693 2472 749 2553 τήν
771 2468 919 2537 Οάάλεντι
941 2471 1140 2554 νενεμημένην
1158 2464 1391 2556 έπικράῦειανέο

249 2566 344 2634 ὅντων
366 2572 397 2635 έν
420 2570 539 2650 τούτοις
545 2622 556 2653 ,
581 2571 597 2639 ὃ
618 2574 764 2657 βασιλεῦς
794 2575 1043 2651 Οὐαλεντινιανδς
1064 2578 1095 2639 έν
1118 2584 1181 2651 τοῖς
1203 2570 1279 2658 ῦπέρ
1293 2572 1349 2648 τάς

244 2670 363 2753 Ἄλπεις
384 2673 486 2743 έθνεσι
508 2679 673 2765 διατρίβων
689 2678 839 2765 μεγίστων
865 2681 917 2744 καὶ
945 2675 1182 2765 ἀπροσδοκήτων
1209 2678 1347 2763 έπειράτο

319 2908 334 2961 t
353 2898 415 2961 ὅσοι
426 2908 462 2959 s=
480 2902 523 2967 oie
537 2907 566 2961 oi
576 2908 608 2974 Ρ,
621 2905 649 2963 οἳ
659 2908 692 2964 L.
785 2901 953 2973 λ”Αιτλυνος
968 2907 1041 2963 libris
1057 2906 1158 2963 corrui
1172 2923 1206 2962 ex
1219 2907 1349 2963 Ammiano

317 2980 344 3029 et
354 2977 486 3044 Anonymo
500 2977 642 3034 Bianoouii.

250 3178 318 3232 nium
336 3178 379 3247 qui
398 3180 526 3251 Procopio
546 3182 682 3237 militantes
697 3184 774 3237 rebus
792 3182 953 3255 imperatoris
970 3182 1109 3237 studebant
1114 3224 1124 3267 3
1140 3182 1167 3236 in
1182 3182 1238 3251 ipso
1250 3180 1348 3252 proelio

249 3249 320 3301 clara
338 3266 402 3301 voce
419 3252 582 3319 pronuntiato
601 3254 710 3321 Augusti
724 3251 835 3319 nomine,
852 3253 917 3305 iecit
933 3261 963 3306 ut
981 3270 1067 3306 omnes
1084 3269 1122 3305 sui
1140 3252 1232 3304 milites
1244 3252 1349 3303 eandem

249 3334 349 3386 vocem,
367 3326 466 3370 tessera
495 3322 584 3373 uadum
598 3323 673 3387 data,
692 3324 845 3378 emitterent.
881 3322 949 3390 quod
961 3323 1004 3376 ubi
1015 3321 1166 3389 accidisset,
1185 3337 1270 3372 omnes
1281 3320 1349 3372 Pro-

251 3386 317 3454 copii
329 3386 419 3437 milites
430 3386 464 3438 ad
476 3337 609 3441 delentem
622 3390 776 3445 transibant.
818 3390 841 3443 is
857 3398 916 3460 post
928 3392 1058 3444 victoriam
1070 3392 1167 3443 Sardes
1179 3390 1308 3457 ingressus
1321 3392 1350 3441 et

248 3454 318 3507 illinc
333 3457 464 3536 proiectus
477 3455 503 3507 in
516 3456 669 3527 Phrygiam,
686 3469 791 3529 reperto
806 3458 833 3511 in
846 3460 940 3529 oppido
952 3460 1061 3513 Nacoiia
1075 3460 1209 3530 Procopio,
1226 3476 1281 3509 curn
1291 3476 1350 3509 rur-

250 3539 294 3575 sus
310 3522 346 3574 ibi
360 3523 480 3593 Procopii
498 3524 549 3577 dux
560 3526 646 3596 Huplo
663 3546 716 3581 rem
733 3530 771 3581 ita
788 3529 971 3599 composuisset
986 3536 1016 3581 ut
1029 3530 1061 3581 im
1083 3530 1177 3581 erutori
1189 3526 1349 3596 expediebat,

250 3592 277 3644 ri
288 3607 384 3643 summa
397 3592 492 3646 Valens
503 3594 613 3649 victoria
623 3600 719 3666 potitus
730 3608 787 3666 est,
804 3598 842 3649 ita
852 3596 952 3665 quidem
966 3606 994 3650 ut
1005 3616 1051 3667 per
1072 3598 1161 3649 uellem
1173 3597 1254 3665 ipsum
1265 3596 1288 3646 in
1299 3612 1350 3663 po-

249 3668 369 3712 testatem
382 3678 451 3713 suam
463 3664 602 3733 redigeret,
616 3684 664 3719 nec
674 3668 752 3719 multo
764 3673 824 3736 post
836 3666 982 3719 Marcellum
994 3683 1095 3735 quoqne
1106 3665 1349 3736 comprehendetur

250 3744 316 3850 ppos
330 3730 418 3783 ambos
436 3731 573 3787 interiecit.
615 3752 671 3788 cum
694 3746 777 3787 autem
796 3734 913 3787 amictum
931 3736 1056 3805 quendam
1075 3734 1263 3804 imperatorium
1281 3731 1349 3801 apud

169 3842 174 3847 .
280 3798 400 3851 arcellum
417 3800 570 3871 invenisset,
587 3820 662 3873 quem
676 3804 819 3873 Procopius
838 3801 862 3856 ei
883 3804 1005 3873 dederat,
1024 3803 1193 3872 maximopere
1210 3811 1351 3871 propterea

252 3875 391 3921 conmotus
408 3868 434 3921 in
451 3887 536 3923 omnes
555 3875 647 3926 acerbe
664 3874 840 3941 grassabatur,
858 3890 908 3926 non
923 3892 969 3925 eos
981 3874 1053 3925 modo
1066 3872 1214 3943 perquirens
1226 3872 1268 3939 qui
1281 3871 1349 3922 tacto

249 3936 451 4007 perduellionem
469 3940 627 4001 adiuverunt,
644 3958 733 3993 verum
752 3942 830 3993 etiam
849 3942 892 4009 qui
911 3942 1009 3995 consilii
1022 3942 1159 4013 participes
1179 3943 1290 4003 fuerant,
1308 3936 1350 3990 vel

250 4006 350 4058 omnino
362 4007 523 4061 inaudierant
535 4010 629 4079 aliquid
646 4028 694 4061 nec
712 4009 782 4079 quod
795 4010 970 4065 institueretur
982 4012 1102 4064 continuo
1113 4009 1266 4062 detulerant
1301 4024 1350 4059 nec

250 4075 302 4126 ullo
314 4093 420 4143 prorsus
432 4077 547 4131 adhibito
559 4080 626 4132 iusto
638 4079 743 4146 iudicio,
761 4079 877 4146 graviter
893 4079 921 4133 in
932 4080 1064 4132 universos
1076 4078 1266 4140 desaeviebant,
1285 4076 1350 4128 adeo

252 4142 351 4211 quidem
369 4152 398 4197 ut
414 4146 447 4197 nb
463 4146 620 4214 imperatoris
635 4149 672 4199 ira
684 4154 735 4201 tam
751 4166 835 4201 rerum
847 4166 967 4201 novarum
979 4148 1117 4218 participes
1128 4164 1202 4215 qnam
1213 4144 1291 4198 omnis
1302 4163 1352 4197 ex-

251 4218 339 4280 pertes
353 4214 453 4281 culpae,
472 4224 577 4283 propter
592 4218 768 4283 cognationem
782 4217 823 4269 vel
833 4218 976 4285 amicitiam,
994 4218 1193 4271 absumerentur.

267 4346 273 4353 ἠ
318 4280 343 4333 9.
380 4282 445 4335 Cum
464 4300 548 4335 rerum
563 4284 589 4336 in
604 4286 728 4337 attributo
742 4286 844 4346 Valenti
853 4286 958 4355 imperio
970 4294 1050 4338 status
1064 4285 1105 4337 bic
1116 4290 1194 4349 esset,
1211 4282 1351 4352 imperator

254 4345 445 4403 i·aientiuianus
461 4350 529 4420 apud
546 4340 638 4421 states
655 4352 823 4424 uansdpiuas
839 4358 936 4425 degens
953 4355 1063 4409 muium
1074 4353 1174 4425 pariter
1184 4353 1352 4425 etinopinata
