3025 4892
217 1120 496 1230 ou1u
574 1115 1213 1287 strnouo11

450 1324 981 1418 PRAEFATIO.
1098 1422 1107 1436 ,

612 1573 821 1586 m

163 1725 350 1830 Zosimeae
366 1761 507 1823 historiae
520 1765 599 1827 nihil
612 1765 768 1848 hucusque
782 1767 863 1846 typis
874 1765 1062 1846 publicatum
1074 1767 1133 1823 fuit
1148 1777 1265 1846 praeter

164 1864 242 1924 duos
264 1864 355 1924 libros
375 1867 506 1944 priores,
529 1888 605 1950 qnos
626 1871 665 1927 H.
679 1865 852 1947 Stephanus
875 1887 944 1927 oum
966 1865 1136 1926 Herodiano
1155 1889 1265 1928 norem

164 1963 275 2026 ¹abhinc
291 1967 377 2025 annis
391 1967 423 2024 in
437 1968 536 2028 lucem
552 1969 656 2029 edidit.
699 1970 731 2028 in
750 1970 857 2028 ceteris
870 1969 956 2028 libris
970 1969 1017 2028 usi
1032 1988 1136 2027 sumus
1149 1966 1266 2030 duobus

165 2067 389 2146 exemplaribus
402 2068 517 2130 calamo
530 2073 678 2146 exuretis,
701 2089 831 2152 quorum
841 2090 937 2129 unum
948 2073 1107 2129 Aemerius
1117 2067 1266 2132 Thnsnus

163 2189 219 2249 pro
240 2171 386 2250 singulari
406 2191 477 2252 ergo
498 2193 563 2233 rem
584 2173 747 2234 literarium
771 2169 871 2232 studio
894 2193 912 2231 e
932 2173 1106 2231 Leonoluvii
1120 2169 1200 2250 opud
1214 2172 1264 2232 Fr.

164 2247 326 2331 Pitboeum
343 2271 445 2334 oodioe
464 2279 526 2336 suis
547 2277 714 2356 sumptibus
732 2277 917 2355 exscriptum
931 2271 1018 2332 uobis
1034 2275 1267 2332 communicavit

164 2380 195 2431 et
219 2376 347 2434 Ioannes
369 2379 544 2458 Opsopoeus
565 2399 634 2438 oum
651 2375 812 2456 archetypo
830 2375 971 2449 contulit,
993 2375 1121 2433 alterum
1139 2375 1266 2453 amplie-

163 2475 243 2533 'sitm
264 2476 472 2538 Poletiuorum
488 2481 662 2540 Eleotorum
680 2477 869 2557 bibliotheca·
889 2475 1094 2556 suppeditavit
1115 2496 1132 2533 e
1159 2477 1266 2554 Rapti-

161 2585 228 2636 'stoe
241 2577 364 2657 Egnatii
377 2579 558 2640 bibliotheca
574 2581 761 2662 profeotum3
783 2599 853 2638 oum
868 2580 978 2658 quibus
993 2578 1085 2636 etium
1096 2578 1188 2657 primi
1205 2575 1266 2636 duo

162 2679 234 2738 libri
256 2699 275 2739 a
296 2682 384 2741 nobis
404 2683 505 2741 colluti
527 2691 557 2741 et
579 2685 713 2762 aliquam
735 2682 840 2741 inuitis
859 2680 892 2736 ln
912 2679 987 2736 lonis
1006 2682 1117 2758 purtim
1134 2681 1266 2758 suppleti

164 2791 234 2840 sunt
248 2773 360 2860 purtiin
375 2781 536 2842 emendati.
581 2783 664 2864 quod
678 2785 849 2842 eonomine
863 2777 913 2838 bic
927 2798 1108 2859 praemoneo
1124 2789 1157 2838 ut
1170 2779 1266 2838 doctis

164 2893 279 2943 constet
299 2900 377 2968 quoe
396 2884 506 2966 quibus
525 2886 558 2944 in
578 2883 669 2944 huius
687 2883 840 2962 scriptoris
855 2879 987 2940 editione
1000 2880 1145 2938 debentur
1157 2882 1263 2958 gratis.

162 2988 196 3044 in
220 2989 462 3048 annotationibus
478 2989 569 3046 etium
584 2983 668 3046 hisce
688 3005 778 3044 suum
800 2983 908 3062 cuique
925 2983 1089 3055 tribuetur,
1111 2979 1264 3061 Stephano

161 3089 344 3148 Leouclsvio
359 3097 389 3148 et
404 3091 527 3167 ueteris,
550 3109 568 3148 e
585 3089 695 3170 quibus
713 3083 831 3172 aliquid
845 3093 915 3145 unte
929 3104 985 3147 noe
1001 3082 1041 3145 ud
1055 3079 1147 3144 huius
1161 3092 1265 3144 uncto-

163 3193 205 3251 ris
221 3191 438 3272 expolitionem
453 3203 499 3255 est
513 3191 667 3253 oollatum.
