3025 4892
230 347 279 421 84
707 347 858 414 ZOSllliI

228 520 294 603 μέν,
319 518 449 606 ἀγνῶτες
466 525 521 604 τῆς
546 516 621 585 ὁδοῦ
642 516 688 586 δι’
714 509 753 603 ἦς
773 515 878 606 έφευγι
895 519 1055 596 Λικίννιος
1075 515 1175 597 ὄντες,
1208 505 1332 605 φθάσαι

227 631 335 691 τοῦτον
349 623 404 690 οόκ
418 621 634 708 ἠδυνήθησαν·
661 620 678 687 ὁ
692 624 726 688 δὲ
743 624 975 700 Κωνσταντῖνος
990 621 1095 703 ζεύξας
1109 621 1166 706 τὴν
1179 627 1235 685 rosi
1245 617 1330 685 Σόου

227 728 378 813 γέφυραν,
403 723 645 810 ἣνὸΛικίννισς
660 725 745 809 έτυχε
759 723 922 806 διαλύσας,
940 724 1006 808 ἅμα
1020 733 1064 814 τῷ
1079 729 1202 810 στρατῷ
1217 725 1331 787 Λικιν-

228 832 294 894 νίου
312 827 438 894 κατόπιν
454 826 569 917 ἐχώρει.
604 830 715 912 διαβάς
732 831 765 895 δέ
782 831 829 894 tut
846 829 900 912 τὴν
922 826 1049 920 Θρᾴκην
1067 829 1235 916 ἀφικνεῖται
1255 825 1332 914 πρὸς

230 932 265 998 τὸ
289 935 390 998 πεδίον
415 935 448 998 ίν
471 923 497 1022 ᾧ
518 933 679 998 Λικίννιον
705 931 1016 1018 στρατοπεδευόμενον
1037 923 1131 1020 εὗρεν.
1188 933 1220 995 έν
1244 930 1277 994 δὲ
1293 957 1329 1016 τη
1338 943 1355 997 5

227 1037 312 1100 νυκτί
333 1035 410 1102 καθ’
435 1033 473 1119 ἣν
489 1037 598 1120 ἐπέστη
604 1085 614 1116 ,
640 1034 735 1114 τάξας
753 1037 809 1120 τὴν
822 1033 934 1101 ἑαυτοῦ
947 1033 1075 1118 δύναμιν
1080 1083 1091 1114 ,
1117 1035 1255 1100 ίιιέταττε
1268 1043 1332 1109 τοῖς

228 1137 429 1224 στρατιώταις
453 1137 519 1222 ἅμα
541 1140 596 1222 ἦοῖ
614 1138 691 1227 πρὸς
704 1138 808 1224 μάχην
825 1137 1121 1226 παρασκευάζεσθαι.
1171 1137 1331 1222 γενομένης

226 1243 259 1307 δί
272 1238 389 1328 ἡμέρας
401 1238 593 1324 θεασάμενος
607 1239 855 1319 όΛικίνιιοςτδν
864 1245 1094 1308 Κωνσταντΐνον
1109 1241 1165 1306 σὺν
1175 1247 1218 1328 τῷ
1234 1264 1329 1324 στρα-

227 1342 353 1427 τεόματι
366 1348 418 1410 καί
431 1345 524 1422 αδτδς
539 1343 743 1426 ἀντετάττετο,
770 1346 912 1410 κοινωνὸν
930 1344 1009 1429 έχων
1019 1353 1073 1411 τοῦ
1087 1345 1219 1425 πολέμου
1243 1339 1329 1407 Οὐά-

227 1453 316 1514 λεντα
335 1451 479 1534 Καίσαρα
494 1448 571 1535 παρ’
592 1449 689 1515 αὐτοῦ
703 1449 783 1533 μετὰ
799 1450 854 1534 τὴν
870 1449 930 1515 άπὸ
943 1447 1104 1531 Κιβάλεως
1115 1446 1214 1535 φυγὴν
1230 1471 1327 1510 κατα·
1337 1457 1371 1511 10

225 1548 351 1616 στάντα.
401 1549 616 1634 συμπεσόντων
645 1555 678 1618 δέ
701 1559 762 1620 τῶν
788 1554 1002 1640 στρατοπέδων
1022 1550 1180 1635 ἀλλήλοις,
1206 1547 1246 1612 τὰ
1272 1549 1328 1630 μέν

225 1661 333 1740 πρῶτα
354 1653 531 1734 διαστάντες
555 1654 654 1735 τόξοις
674 1658 823 1744 ἐχρῶντο,
848 1663 910 1723 τῶν
926 1657 959 1722 δέ
975 1661 1074 1738 βελῶν
1090 1651 1328 1736 δαπανηθέντων

224 1756 334 1844 δόρασι
352 1761 403 1822 καί
423 1760 610 1847 ἐγχειριδίοις
628 1762 792 1826 ἐνέπιπτον.
845 1757 888 1825 έτι
903 1761 936 1825 δέ
948 1765 1009 1824 τῶν
1024 1756 1237 1844 στρατοπέδων
1250 1779 1328 1841 καρ-

221 1867 316 1948 τερῶς
331 1862 518 1944 ἐγκειμένων,
534 1863 563 1926 oi
580 1863 665 1947 παρὰ
681 1865 914 1929 Κωνσταντίνου
930 1865 1036 1939 διῶξαι
1053 1862 1213 1926 Λικίννιον
1229 1881 1327 1944 προσ-

220 1963 384 2046 ταχθέντες
411 1963 590 2050 ἐφίστανται
621 1975 686 2041 τοῖς
717 1963 924 2050 στρατεύμασι
960 1965 1146 2047 μαχομένοις
1176 1961 1209 2026 έκ
1245 1985 1327 2036 τινος
1336 1973 1368 2028 15

220 2063 358 2130 ἀπόπτου
377 2068 513 2152 χωρίου,
538 2062 717 2149 κάμψαντες
735 2069 770 2132 δὲ
788 2065 840 2132 διά
857 2091 938 2145 τινος
951 2064 1049 2155 λόφου
1062 2069 1124 2131 δεῖν
1138 2061 1281 2146 ἐνόμισαν
1294 2065 1327 2140 ἕξ

218 2165 394 2254 δπερδεξίου
415 2165 511 2234 τόπου
541 2178 605 2245 τοῖς
627 2172 747 2247 οἰκείοις
775 2175 923 2254 συμμίξαι
946 2173 997 2235 καί
1024 2169 1097 2246 τοδς
1120 2169 1274 2244 ἐναντίους
1295 2167 1326 2242 ίς

218 2269 368 2338 κόκλωσιν
387 2277 587 2355 καταστῆσαι.
639 2275 861 2360 φυλαξαμένων
880 2275 914 2338 δέ
935 2281 995 2338 τῶν
1019 2273 1076 2338 σδν
1097 2273 1247 2356 Λικιννίῳ
1273 2273 1325 2334 καί

217 2377 361 2461 γενναίως
374 2373 451 2458 πρδς
465 2372 603 2452 ἅπαντας
619 2374 861 2461 ἀγωνισαμένων,
888 2382 1009 2441 πολλῶν
1027 2377 1061 2441 δι’
1080 2378 1130 2440 καί
1146 2371 1324 2460 ἀναριθμή-

217 2503 280 2542 των
291 2479 324 2554 ίξ
338 2472 481 2563 ἑκατέρου
497 2477 650 2544 πεσόντων
667 2485 723 2563 τῆς
741 2505 774 2546 τε
796 2478 899 2562 μάχης
916 2481 1080 2556 ίσοιιαλοῦς
1098 2479 1268 2563 γενομένης,
1288 2477 1365 2544 taso

218 2578 417 2666 συνθήματος
429 2578 569 2665 ἀλλήλων
584 2583 739 2670 έχωρίσθη
751 2581 791 2648 τά
807 2579 1030 2670 στρατεύματα.

320 2684 380 2752 20.
409 2689 459 2771 Τῇ
468 2686 502 2750 δέ
512 2682 659 2776 δοτεραίρ
673 2687 832 2772 γενομένης
846 2685 1015 2769 ἀνακωχῆς,
1032 2682 1217 2773 άμιμοτίροις
1226 2677 1322 2745 ἐδόκει

216 2792 375 2854 κοινωνίαν
398 2785 478 2871 ἔχειν
495 2790 547 2853 καί
570 2785 737 2873 ὁμαιχμίαν
757 2789 812 2878 tp’
834 2780 929 2879 ᾦτδν
942 2791 998 2872 μέν
1014 2793 1245 2856 Κωνσταντῖνον
1263 2781 1322 2873 dp-

277 2915 322 3022 :1³
338 2961 529 3020 σονέτιιιιτονί

217 3119 311 3192 quendi
322 3137 399 3173 mosa
407 3119 494 3177 mittit.
529 3119 577 3174 sed
586 3119 622 3173 illi
632 3118 699 3189 vise,
717 3136 769 3190 qua
781 3119 894 3176 Licinius
906 3123 1020 3193 ingerat,
1036 3119 1117 3190 ignari
1129 3137 1205 3175 conse
1224 3119 1250 3173 ni
1262 3137 1318 3176 enm

216 3190 318 3244 minime
335 3197 484 3260 potuerant
518 3189 700 3244 Constantinus
719 3195 804 3243 autem
822 3193 886 3243 Sari
905 3201 984 3265 ponte
998 3193 1100 3254 iuncto,
1117 3207 1191 3260 qnam
1206 3139 1319 3244 dioinios

215 3259 369 3326 resciderat,
387 3274 443 3310 oum
458 3259 572 3310 exercitu
592 3257 684 3310 Licinii
698 3259 816 3328 vestigiis
833 3261 959 3314 inhaeret
1010 3277 1117 3328 eumque
1134 3260 1276 3312 transiisset
1291 3259 1319 3312 in

215 3327 367 3390 Thraciam,
385 3325 505 3395 pervenit
520 3324 553 3378 ad
571 3342 627 3379 eam
642 3327 772 3396 planitiem
788 3328 814 3380 in
831 3346 881 3398 quo
894 3330 1016 3384 Licinium
1028 3337 1114 3382 castra
1126 3336 1245 3381 metatum
1257 3346 1319 3398 rep-

212 3396 290 3468 perit.
324 3395 413 3448 eadem
426 3403 502 3447 noete
519 3410 570 3464 qna
587 3403 704 3456 venerat,
720 3396 848 3451 instructa
866 3417 968 3452 suorum
988 3399 1051 3463 acie,
1070 3397 1190 3450 militibus
1201 3398 1321 3468 imperat,

210 3465 292 3535 prima
303 3464 359 3516 loce
371 3464 452 3532 parati
464 3463 498 3515 ad
509 3479 617 3532 pugnam
630 3472 723 3517 essent.
759 3467 803 3518 nbi
815 3467 868 3519 dies
885 3468 1020 3532 illuxisset,
1037 3467 1160 3534 Licinius,
1180 3477 1319 3538 conspecto

117 3550 120 3554 ⁴
212 3551 267 3585 cum
279 3533 394 3585 exercitu
406 3533 589 3597 Constantino,
606 3533 686 3585 aeiem
703 3551 736 3587 ex
753 3535 864 3588 adverso
880 3536 973 3608 etipse
983 3553 1053 3590 suam
1064 3535 1173 3598 instruit,
1192 3553 1247 3589 cum
1259 3535 1320 3589 belli

212 3602 310 3654 socium
329 3603 463 3656 Valentem
480 3602 600 3666 baberet,
618 3602 755 3656 Caesarem
772 3605 805 3656 ab
822 3621 851 3657 se
867 3605 960 3660 dietum
975 3623 1008 3658 ex
1020 3621 1072 3674 quo
1084 3607 1145 3672 luga
1157 3604 1262 3657 Cibalim
1276 3622 1319 3656 re·

211 3671 333 3741 liquerat.
372 3670 499 3724 exereitus
518 3670 587 3722 inter
603 3686 633 3722 ae
647 3673 778 3740 congressi
796 3689 828 3724 ao
845 3675 950 3741 primum
964 3693 996 3726 ox
1009 3673 1144 3726 intervallo
1155 3673 1263 3726 seiuncti
1273 3690 1319 3724 sa-

211 3741 284 3810 gittis
294 3745 406 3794 utuntur.
441 3739 501 3793 telis
517 3739 646 3792 exhaustis
664 3757 719 3792 cnm
731 3741 811 3793 hastis
822 3749 848 3794 et
860 3744 1012 3812 pugionibus
1025 3743 1132 3795 irruunt.
1173 3741 1232 3794 dum
1249 3740 1318 3794 aori-

211 3817 254 3863 tsr
264 3825 373 3880 pugnam
384 3808 512 3862 exercitur
523 3815 623 3876 urgent,
639 3809 657 3861 ii
669 3826 733 3879 quos
746 3811 930 3864 Constantinus
943 3811 1063 3865 Licinium
1076 3811 1197 3880 persequi
1208 3809 1318 3861 iusserat

212 3881 245 3935 de
260 3879 398 3950 oonspieuo
415 3878 525 3948 quodam
545 3879 601 3930 looo
618 3878 791 3947 pugnantibus
808 3882 962 3934 exercitibus
987 3881 1183 3950 superveniunt,
1201 3888 1229 3930 et
1246 3875 1316 3930 flexo

210 3967 260 4020 per
270 3951 361 4003 collem
371 3949 495 4018 quendam
505 3947 600 4000 itinere
609 3964 666 3999 oum
677 3948 729 3999 suis
739 3965 772 4001 ex
789 3947 880 4000 acelini
896 3957 923 4002 et
933 3951 1098 4002 eminentiore
1108 3949 1165 4001 looo
1177 3946 1316 4013 iungendos

210 4019 279 4072 vires
295 4024 411 4072 statuunt
428 4025 456 4070 et
471 4017 559 4068 hostes
574 4017 607 4068 ab
620 4017 687 4068 omni
698 4023 773 4086 parte
784 4017 932 4086 cingendos.
968 4019 1001 4073 ab
1014 4037 1044 4072 eo
1058 4035 1115 4070 oum
1125 4015 1173 4068 sibi
1186 4014 1316 4067 cavissent

208 4086 300 4140 Licinn
316 4088 420 4155 milites,
437 4094 465 4139 et
483 4086 587 4138 fortiter
604 4085 728 4138 adversus
747 4102 835 4139 onmes
850 4087 1028 4152 dimicassent,
1045 4087 1144 4153 iamque
1160 4083 1276 4154 pluribus
1288 4089 1316 4135 et

208 4156 433 4210 innumerabilibus
449 4155 553 4224 quidem
570 4153 689 4223 utrinque
708 4155 791 4207 eaesis
810 4157 864 4224 pari
884 4158 969 4218 Marte
985 4165 1123 4226 pugnatum
1142 4161 1221 4222 esset,
1239 4153 1314 4222 signo

209 4225 337 4280 datoare
347 4225 454 4279 invicem
466 4223 584 4292 dirempti
597 4225 700 4275 fuerunt
711 4223 848 4276 exereitus.
910 4239 914 4244 ·
1111 4261 1114 4268 .

276 4297 319 4349 20.
354 4293 484 4349 Postridie
495 4293 576 4362 pactis
585 4292 707 4357 induciis,
724 4291 808 4346 visum
825 4299 865 4348 est
874 4293 942 4348 inter
954 4293 1043 4348 ambos
1055 4307 1112 4344 asse
1123 4289 1219 4342 debere
1231 4287 1314 4342 socie-

207 4369 286 4419 tatem
305 4372 333 4419 et
351 4361 443 4418 toadns
461 4369 588 4428 mutuum,
604 4361 640 4415 ita
659 4361 763 4433 quidem
775 4369 806 4418 ot
820 4364 1002 4420 Gonounb'nos
1017 4361 1161 4435 imperaret
1180 4358 1274 4430 Illyriis
1287 4367 1315 4412 et
