<?xml version="1.0" encoding="UTF-8"?>
<!DOCTYPE html PUBLIC "-//W3C//DTD XHTML 1.0 Transitional//EN"
    "http://www.w3.org/TR/xhtml1/DTD/xhtml1-transitional.dtd">
<html xmlns="http://www.w3.org/1999/xhtml" xml:lang="en" lang="en">
 <head>
  <title>
</title>
<meta http-equiv="Content-Type" content="text/html;charset=utf-8" />
  <meta name='ocr-system' content='tesseract 3.04.00' />
  <meta name='ocr-capabilities' content='ocr_page ocr_carea ocr_par ocr_line ocrx_word'/>
</head>
<body>
  <div class='ocr_page' id='page_1' title='image "./corpusscriptoru21theogoog/corpusscriptoru21theogoog_0208.png"; bbox 0 0 3025 4892; ppageno 0'>
   <div class='ocr_carea' id='block_1_1' title="bbox 246 288 868 362">
    <p class='ocr_par' dir='ltr' id='par_1_1' title="bbox 246 288 868 362">
     <span class='ocr_line' id='line_1_1' title="bbox 246 288 868 362; baseline -0.008 -1"><span class='ocrx_word' id='word_1_1' title='bbox 246 288 319 362; x_wconf 80' lang='lat'><strong><em>158</em></strong></span> <span class='ocrx_word' id='word_1_2' title='bbox 716 288 868 357; x_wconf 82' lang='lat' dir='ltr'>ZOSIMI</span> 
     </span>
    </p>
   </div>
   <div class='ocr_carea' id='block_1_2' title="bbox 200 452 1386 1587">
    <p class='ocr_par' dir='ltr' id='par_1_2' title="bbox 200 452 1386 1587">
     <span class='ocr_line' id='line_1_2' title="bbox 242 452 1342 550; baseline 0.005 -22"><span class='ocrx_word' id='word_1_3' title='bbox 242 456 378 529; x_wconf 75' lang='grc' dir='ltr'><strong><em>ἓνταῦθό</em></strong></span> <span class='ocrx_word' id='word_1_4' title='bbox 400 483 459 524; x_wconf 89' lang='grc' dir='ltr'><strong><em>που</em></strong></span> <span class='ocrx_word' id='word_1_5' title='bbox 480 456 608 542; x_wconf 83' lang='grc' dir='ltr'><strong><em>πλησίον</em></strong></span> <span class='ocrx_word' id='word_1_6' title='bbox 622 452 781 544; x_wconf 86' lang='grc' dir='ltr'><strong><em>γενόμενος</em></strong></span> <span class='ocrx_word' id='word_1_7' title='bbox 796 464 938 543; x_wconf 80' lang='grc' dir='ltr'><strong><em>βασίλεια</em></strong></span> <span class='ocrx_word' id='word_1_8' title='bbox 956 459 1033 529; x_wconf 83' lang='grc' dir='ltr'><strong><em>είδεν</em></strong></span> <span class='ocrx_word' id='word_1_9' title='bbox 1048 466 1092 542; x_wconf 81' lang='grc' dir='ltr'><strong><em>είς</em></strong></span> <span class='ocrx_word' id='word_1_10' title='bbox 1108 467 1163 531; x_wconf 89' lang='grc' dir='ltr'><strong><em>τόν</em></strong></span> <span class='ocrx_word' id='word_1_11' title='bbox 1173 465 1342 550; x_wconf 75' lang='grc' dir='ltr'><strong><em>Ῥιομαὶλιδν</em></strong></span> 
     </span>
     <span class='ocr_line' id='line_1_3' title="bbox 240 562 1341 655; baseline 0.006 -24"><span class='ocrx_word' id='word_1_12' title='bbox 240 568 476 651; x_wconf 75' lang='grc' dir='ltr'><strong><em>μεγαλοπρεπῶς</em></strong></span> <span class='ocrx_word' id='word_1_13' title='bbox 490 563 677 646; x_wconf 78' lang='grc' dir='ltr'><strong><em>ίξησκημίνα</em></strong></span> <span class='ocrx_word' id='word_1_14' title='bbox 689 562 795 643; x_wconf 86' lang='grc' dir='ltr'><strong><em>τόπον,</em></strong></span> <span class='ocrx_word' id='word_1_15' title='bbox 812 569 863 631; x_wconf 79' lang='grc' dir='ltr'><strong><em>καί</em></strong></span> <span class='ocrx_word' id='word_1_16' title='bbox 874 566 990 649; x_wconf 80' lang='grc' dir='ltr'><strong><em>μαθιιλν</em></strong></span> <span class='ocrx_word' id='word_1_17' title='bbox 1002 574 1101 634; x_wconf 82' lang='grc' dir='ltr'><strong><em>ταῦτα</em></strong></span> <span class='ocrx_word' id='word_1_18' title='bbox 1114 566 1174 635; x_wconf 68' lang='lat' dir='ltr'><strong>sind</strong></span> <span class='ocrx_word' id='word_1_19' title='bbox 1184 570 1341 655; x_wconf 83' lang='grc' dir='ltr'><strong><em>Ῥωμαίων</em></strong></span> 
     </span>
     <span class='ocr_line' id='line_1_4' title="bbox 240 667 1342 762; baseline 0.005 -27"><span class='ocrx_word' id='word_1_20' title='bbox 240 671 462 760; x_wconf 70' lang='grc' dir='ltr'><strong><em>ᾠκοδομῆσθαι</em></strong></span> <span class='ocrx_word' id='word_1_21' title='bbox 486 667 659 745; x_wconf 75' lang='grc' dir='ltr'><strong><em>κατέλιπεν,</em></strong></span> <span class='ocrx_word' id='word_1_22' title='bbox 685 668 721 733; x_wconf 76' lang='lat' dir='ltr'><strong>osi</strong></span> <span class='ocrx_word' id='word_1_23' title='bbox 741 667 947 757; x_wconf 77' lang='grc' dir='ltr'><strong><em>συγχωρήσας,</em></strong></span> <span class='ocrx_word' id='word_1_24' title='bbox 963 681 1028 748; x_wconf 79' lang='grc' dir='ltr'><strong><em>τοῖς</em></strong></span> <span class='ocrx_word' id='word_1_25' title='bbox 1046 670 1223 762; x_wconf 82' lang='grc' dir='ltr'><strong><em>ταξιάρχοις</em></strong></span> <span class='ocrx_word' id='word_1_26' title='bbox 1237 673 1342 759; x_wconf 74' lang='grc' dir='ltr'><strong><em>λαβό-</em></strong></span> 
     </span>
     <span class='ocr_line' id='line_1_5' title="bbox 200 770 1343 865; baseline 0.004 -27"><span class='ocrx_word' id='word_1_27' title='bbox 200 774 201 782; x_wconf 67' lang='grc'>’</span> <span class='ocrx_word' id='word_1_28' title='bbox 239 773 363 839; x_wconf 86' lang='grc' dir='ltr'><strong><em>σασθαί</em></strong></span> <span class='ocrx_word' id='word_1_29' title='bbox 382 796 412 836; x_wconf 90' lang='grc' dir='ltr'><strong><em>τι</em></strong></span> <span class='ocrx_word' id='word_1_30' title='bbox 433 775 494 835; x_wconf 76' lang='grc' dir='ltr'><strong><em>τῶν</em></strong></span> <span class='ocrx_word' id='word_1_31' title='bbox 518 770 550 835; x_wconf 77' lang='grc' dir='ltr'><strong><em>ἓν</em></strong></span> <span class='ocrx_word' id='word_1_32' title='bbox 573 770 693 852; x_wconf 79' lang='grc' dir='ltr'><strong><em>αὐτοῖς,</em></strong></span> <span class='ocrx_word' id='word_1_33' title='bbox 728 775 816 839; x_wconf 80' lang='grc' dir='ltr'><strong><em>αἶδοῖ</em></strong></span> <span class='ocrx_word' id='word_1_34' title='bbox 833 780 889 839; x_wconf 79' lang='grc' dir='ltr'><strong><em>τοῦ</em></strong></span> <span class='ocrx_word' id='word_1_35' title='bbox 908 771 1079 858; x_wconf 84' lang='grc' dir='ltr'><strong><em>Ῥωμαίους</em></strong></span> <span class='ocrx_word' id='word_1_36' title='bbox 1102 778 1246 865; x_wconf 87' lang='grc' dir='ltr'><strong><em>λε’γεσθαι</em></strong></span> <span class='ocrx_word' id='word_1_37' title='bbox 1270 780 1343 855; x_wconf 75' lang='grc' dir='ltr'><strong><em>τοὺς</em></strong></span> 
     </span>
     <span class='ocr_line' id='line_1_6' title="bbox 239 870 1368 960; baseline -0.007 -18"><span class='ocrx_word' id='word_1_38' title='bbox 239 882 339 943; x_wconf 78' lang='grc' dir='ltr'><strong><em>ταῦτα</em></strong></span> <span class='ocrx_word' id='word_1_39' title='bbox 357 870 651 960; x_wconf 84' lang='grc' dir='ltr'><strong><em>δημιουργήσαντας.</em></strong></span> <span class='ocrx_word' id='word_1_40' title='bbox 1013 904 1016 911; x_wconf 91' lang='grc'><strong><em>·</em></strong></span> <span class='ocrx_word' id='word_1_41' title='bbox 1349 890 1368 944; x_wconf 79' lang='lat'>5</span> 
     </span>
     <span class='ocr_line' id='line_1_7' title="bbox 338 971 1343 1067; baseline 0.006 -24"><span class='ocrx_word' id='word_1_42' title='bbox 338 978 499 1044; x_wconf 78' lang='grc' dir='ltr'><strong><em>Ἐντεῦθεν</em></strong></span> <span class='ocrx_word' id='word_1_43' title='bbox 517 975 537 1061; x_wconf 81' lang='grc' dir='ltr'>ἡ</span> <span class='ocrx_word' id='word_1_44' title='bbox 558 976 687 1063; x_wconf 84' lang='grc' dir='ltr'><strong><em>στρατιδι</em></strong></span> <span class='ocrx_word' id='word_1_45' title='bbox 702 971 838 1065; x_wconf 85' lang='grc' dir='ltr'><strong><em>φροόριό</em></strong></span> <span class='ocrx_word' id='word_1_46' title='bbox 852 1005 921 1045; x_wconf 90' lang='grc' dir='ltr'><strong><em>τινα</em></strong></span> <span class='ocrx_word' id='word_1_47' title='bbox 936 982 1185 1067; x_wconf 80' lang='grc' dir='ltr'><strong><em>παραδρομοῦσα</em></strong></span> <span class='ocrx_word' id='word_1_48' title='bbox 1200 984 1244 1060; x_wconf 83' lang='grc' dir='ltr'><strong><em>είς</em></strong></span> <span class='ocrx_word' id='word_1_49' title='bbox 1255 980 1343 1049; x_wconf 82' lang='grc' dir='ltr'><strong><em>πόλιν</em></strong></span> 
     </span>
     <span class='ocr_line' id='line_1_8' title="bbox 239 1080 1343 1173; baseline 0.001 -24"><span class='ocrx_word' id='word_1_50' title='bbox 239 1082 365 1173; x_wconf 73' lang='grc' dir='ltr'><strong><em>ἀφίκετο</em></strong></span> <span class='ocrx_word' id='word_1_51' title='bbox 381 1082 503 1158; x_wconf 78' lang='grc' dir='ltr'><strong><em>Μείνας</em></strong></span> <span class='ocrx_word' id='word_1_52' title='bbox 517 1080 654 1163; x_wconf 77' lang='grc' dir='ltr'><strong><em>Σαβαθὰ</em></strong></span> <span class='ocrx_word' id='word_1_53' title='bbox 670 1082 874 1166; x_wconf 82' lang='grc' dir='ltr'><strong><em>ιιαλουμίνην·</em></strong></span> <span class='ocrx_word' id='word_1_54' title='bbox 901 1084 1036 1167; x_wconf 73' lang='grc' dir='ltr'><strong><em>διέστηκε</em></strong></span> <span class='ocrx_word' id='word_1_55' title='bbox 1059 1086 1093 1150; x_wconf 73' lang='grc' dir='ltr'><strong><em>δέ</em></strong></span> <span class='ocrx_word' id='word_1_56' title='bbox 1114 1084 1192 1170; x_wconf 74' lang='grc' dir='ltr'><strong><em>αὕτη</em></strong></span> <span class='ocrx_word' id='word_1_57' title='bbox 1207 1089 1343 1163; x_wconf 80' lang='grc' dir='ltr'><strong><em>σταδίοις</em></strong></span> 
     </span>
     <span class='ocr_line' id='line_1_9' title="bbox 239 1182 1343 1274; baseline 0 -20"><span class='ocrx_word' id='word_1_58' title='bbox 239 1184 405 1274; x_wconf 80' lang='grc' dir='ltr'><strong><em>τριάκοντα</em></strong></span> <span class='ocrx_word' id='word_1_59' title='bbox 425 1190 482 1267; x_wconf 81' lang='grc' dir='ltr'><strong><em>τῆς</em></strong></span> <span class='ocrx_word' id='word_1_60' title='bbox 508 1182 655 1272; x_wconf 85' lang='grc' dir='ltr'><strong><em>πρότερον</em></strong></span> <span class='ocrx_word' id='word_1_61' title='bbox 672 1186 728 1267; x_wconf 77' lang='grc' dir='ltr'><strong><em>μὲν</em></strong></span> <span class='ocrx_word' id='word_1_62' title='bbox 746 1183 900 1270; x_wconf 79' lang='grc' dir='ltr'><strong><em>Ζιυχιίσης</em></strong></span> <span class='ocrx_word' id='word_1_63' title='bbox 914 1193 969 1252; x_wconf 82' lang='grc' dir='ltr'><strong><em>νῦν</em></strong></span> <span class='ocrx_word' id='word_1_64' title='bbox 990 1188 1023 1253; x_wconf 72' lang='grc' dir='ltr'><strong><em>δὲ</em></strong></span> <span class='ocrx_word' id='word_1_65' title='bbox 1037 1192 1214 1267; x_wconf 78' lang='grc' dir='ltr'><strong><em>Σελευκείας</em></strong></span> <span class='ocrx_word' id='word_1_66' title='bbox 1228 1190 1343 1273; x_wconf 77' lang='grc' dir='ltr'><strong><em>ὄνομα·</em></strong></span> 
     </span>
     <span class='ocr_line' id='line_1_10' title="bbox 242 1284 1344 1380; baseline 0.003 -25"><span class='ocrx_word' id='word_1_67' title='bbox 242 1292 378 1373; x_wconf 74' lang='grc' dir='ltr'><strong><em>ζυμίτης.</em></strong></span> <span class='ocrx_word' id='word_1_68' title='bbox 411 1291 461 1353; x_wconf 81' lang='grc' dir='ltr'><strong><em>καί</em></strong></span> <span class='ocrx_word' id='word_1_69' title='bbox 480 1284 497 1351; x_wconf 85' lang='grc' dir='ltr'><strong><em>ό</em></strong></span> <span class='ocrx_word' id='word_1_70' title='bbox 514 1290 571 1371; x_wconf 76' lang='grc' dir='ltr'><strong><em>μὲν</em></strong></span> <span class='ocrx_word' id='word_1_71' title='bbox 584 1288 731 1370; x_wconf 77' lang='grc' dir='ltr'><strong><em>βασιλεὺς</em></strong></span> <span class='ocrx_word' id='word_1_72' title='bbox 746 1292 875 1375; x_wconf 82' lang='grc' dir='ltr'><strong><em>πλησίον</em></strong></span> <span class='ocrx_word' id='word_1_73' title='bbox 887 1315 947 1355; x_wconf 83' lang='grc' dir='ltr'><strong><em>που</em></strong></span> <span class='ocrx_word' id='word_1_74' title='bbox 961 1291 1040 1373; x_wconf 81' lang='grc' dir='ltr'><strong><em>μετὰ</em></strong></span> <span class='ocrx_word' id='word_1_75' title='bbox 1051 1298 1106 1376; x_wconf 84' lang='grc' dir='ltr'><strong><em>τῆς</em></strong></span> <span class='ocrx_word' id='word_1_76' title='bbox 1118 1299 1235 1376; x_wconf 80' lang='grc' dir='ltr'><strong><em>πολλῆς</em></strong></span> <span class='ocrx_word' id='word_1_77' title='bbox 1246 1318 1344 1380; x_wconf 87' lang='grc' dir='ltr'><strong><em>στρα-</em></strong></span> 
     </span>
     <span class='ocr_line' id='line_1_11' title="bbox 241 1388 1386 1479; baseline 0.003 -20"><span class='ocrx_word' id='word_1_78' title='bbox 241 1400 310 1471; x_wconf 83' lang='grc' dir='ltr'><strong><em>τιᾶς</em></strong></span> <span class='ocrx_word' id='word_1_79' title='bbox 330 1394 464 1477; x_wconf 80' lang='grc' dir='ltr'><strong><em>ηὐλίσθη</em></strong></span> <span class='ocrx_word' id='word_1_80' title='bbox 470 1438 482 1471; x_wconf 99' lang='grc'><strong><em>,</em></strong></span> <span class='ocrx_word' id='word_1_81' title='bbox 516 1388 735 1479; x_wconf 76' lang='grc' dir='ltr'><strong><em>προηγούμενοι</em></strong></span> <span class='ocrx_word' id='word_1_82' title='bbox 763 1394 797 1459; x_wconf 77' lang='grc' dir='ltr'><strong><em>δὲ</em></strong></span> <span class='ocrx_word' id='word_1_83' title='bbox 821 1393 850 1459; x_wconf 79' lang='grc' dir='ltr'><strong><em>οἶ</em></strong></span> <span class='ocrx_word' id='word_1_84' title='bbox 871 1392 1058 1460; x_wconf 77' lang='grc' dir='ltr'><strong><em>κατάσκοποι</em></strong></span> <span class='ocrx_word' id='word_1_85' title='bbox 1076 1395 1132 1477; x_wconf 79' lang='grc' dir='ltr'><strong><em>τὴν</em></strong></span> <span class='ocrx_word' id='word_1_86' title='bbox 1153 1394 1241 1462; x_wconf 78' lang='grc' dir='ltr'><strong><em>πόλιν</em></strong></span> <span class='ocrx_word' id='word_1_87' title='bbox 1263 1396 1343 1463; x_wconf 79' lang='grc' dir='ltr'><strong><em>κατὰ</em></strong></span> <span class='ocrx_word' id='word_1_88' title='bbox 1353 1410 1386 1463; x_wconf 84' lang='grc'><strong><em>10</em></strong></span> 
     </span>
     <span class='ocr_line' id='line_1_12' title="bbox 242 1493 1343 1587; baseline 0.003 -23"><span class='ocrx_word' id='word_1_89' title='bbox 242 1495 355 1585; x_wconf 82' lang='grc' dir='ltr'><strong><em>κρότος</em></strong></span> <span class='ocrx_word' id='word_1_90' title='bbox 371 1496 502 1582; x_wconf 74' lang='grc' dir='ltr'><strong><em>αἱροῦσι.</em></strong></span> <span class='ocrx_word' id='word_1_91' title='bbox 551 1502 591 1582; x_wconf 85' lang='grc' dir='ltr'><strong><em>τῇ</em></strong></span> <span class='ocrx_word' id='word_1_92' title='bbox 606 1494 636 1561; x_wconf 75' lang='grc' dir='ltr'><strong><em>δ’</em></strong></span> <span class='ocrx_word' id='word_1_93' title='bbox 655 1493 802 1587; x_wconf 79' lang='grc' dir='ltr'><strong><em>ὓστεραίηι</em></strong></span> <span class='ocrx_word' id='word_1_94' title='bbox 816 1496 856 1562; x_wconf 84' lang='grc' dir='ltr'><strong><em>τὰ</em></strong></span> <span class='ocrx_word' id='word_1_95' title='bbox 873 1499 955 1581; x_wconf 84' lang='grc' dir='ltr'><strong><em>τείχη</em></strong></span> <span class='ocrx_word' id='word_1_96' title='bbox 971 1496 1084 1583; x_wconf 80' lang='grc' dir='ltr'><strong><em>ταύτης</em></strong></span> <span class='ocrx_word' id='word_1_97' title='bbox 1098 1497 1115 1564; x_wconf 85' lang='grc' dir='ltr'><em>ὃ</em></span> <span class='ocrx_word' id='word_1_98' title='bbox 1130 1500 1276 1583; x_wconf 63' lang='grc' dir='ltr'><strong><em>βασιλείας</em></strong></span> <span class='ocrx_word' id='word_1_99' title='bbox 1289 1526 1343 1567; x_wconf 84' lang='grc' dir='ltr'><strong><em>τιε-</em></strong></span> 
     </span>
    </p>
   </div>
   <div class='ocr_carea' id='block_1_3' title="bbox 237 1595 1403 2310">
    <p class='ocr_par' dir='ltr' id='par_1_3' title="bbox 237 1595 1403 2310">
     <span class='ocr_line' id='line_1_13' title="bbox 243 1595 1345 1690; baseline 0 -23"><span class='ocrx_word' id='word_1_100' title='bbox 243 1606 389 1688; x_wconf 82' lang='grc' dir='ltr'><strong><em>ρινοστῶν</em></strong></span> <span class='ocrx_word' id='word_1_101' title='bbox 409 1597 492 1685; x_wconf 75' lang='grc' dir='ltr'><strong><em>ἕιόρα</em></strong></span> <span class='ocrx_word' id='word_1_102' title='bbox 511 1595 642 1682; x_wconf 79' lang='grc' dir='ltr'><strong><em>σώματα</em></strong></span> <span class='ocrx_word' id='word_1_103' title='bbox 663 1602 899 1686; x_wconf 84' lang='grc' dir='ltr'><strong><em>τιροσηρτημίνα</em></strong></span> <span class='ocrx_word' id='word_1_104' title='bbox 917 1605 1061 1688; x_wconf 81' lang='grc' dir='ltr'><strong><em>σταυροῖς</em></strong></span> <span class='ocrx_word' id='word_1_105' title='bbox 1086 1600 1261 1690; x_wconf 72' lang='grc' dir='ltr'><strong><em>ίμπρυσθεν</em></strong></span> <span class='ocrx_word' id='word_1_106' title='bbox 1283 1611 1345 1669; x_wconf 75' lang='grc' dir='ltr'><strong><em>ταῖν</em></strong></span> 
     </span>
     <span class='ocr_line' id='line_1_14' title="bbox 242 1701 1345 1792; baseline 0.003 -23"><span class='ocrx_word' id='word_1_107' title='bbox 242 1710 365 1770; x_wconf 80' lang='grc' dir='ltr'><strong><em>πολῶν·</em></strong></span> <span class='ocrx_word' id='word_1_108' title='bbox 390 1709 489 1769; x_wconf 78' lang='grc' dir='ltr'><strong><em>ταῦτα</em></strong></span> <span class='ocrx_word' id='word_1_109' title='bbox 516 1702 549 1767; x_wconf 71' lang='grc' dir='ltr'><strong><em>δὲ</em></strong></span> <span class='ocrx_word' id='word_1_110' title='bbox 572 1701 707 1792; x_wconf 67' lang='grc' dir='ltr'><strong><em>λ’(γασκον</em></strong></span> <span class='ocrx_word' id='word_1_111' title='bbox 731 1704 761 1768; x_wconf 77' lang='grc' dir='ltr'><strong><em>οἱ</em></strong></span> <span class='ocrx_word' id='word_1_112' title='bbox 785 1701 940 1791; x_wconf 77' lang='grc' dir='ltr'><strong><em>ἐπιχώριοι</em></strong></span> <span class='ocrx_word' id='word_1_113' title='bbox 959 1712 1110 1791; x_wconf 76' lang='grc' dir='ltr'><strong><em>συγγενῶν</em></strong></span> <span class='ocrx_word' id='word_1_114' title='bbox 1124 1704 1199 1771; x_wconf 74' lang='grc' dir='ltr'><strong><em>εἶναι</em></strong></span> <span class='ocrx_word' id='word_1_115' title='bbox 1213 1708 1345 1791; x_wconf 79' lang='grc' dir='ltr'><strong><em>διαβλη-</em></strong></span> 
     </span>
     <span class='ocr_line' id='line_1_15' title="bbox 239 1802 1344 1893; baseline 0 -19"><span class='ocrx_word' id='word_1_116' title='bbox 239 1810 349 1885; x_wconf 84' lang='grc' dir='ltr'><strong><em>θίντος</em></strong></span> <span class='ocrx_word' id='word_1_117' title='bbox 374 1806 455 1883; x_wconf 86' lang='grc' dir='ltr'><strong><em>τινὸς</em></strong></span> <span class='ocrx_word' id='word_1_118' title='bbox 477 1802 520 1884; x_wconf 78' lang='grc' dir='ltr'><strong><em>ὡς</em></strong></span> <span class='ocrx_word' id='word_1_119' title='bbox 544 1805 695 1893; x_wconf 83' lang='grc' dir='ltr'><strong><em>προδότου</em></strong></span> <span class='ocrx_word' id='word_1_120' title='bbox 712 1804 829 1884; x_wconf 85' lang='grc' dir='ltr'><strong><em>πόλεως</em></strong></span> <span class='ocrx_word' id='word_1_121' title='bbox 844 1805 1017 1893; x_wconf 85' lang='grc' dir='ltr'><strong><em>γεγονότος,</em></strong></span> <span class='ocrx_word' id='word_1_122' title='bbox 1041 1807 1080 1892; x_wconf 76' lang='grc' dir='ltr'><strong><em>ἣν</em></strong></span> <span class='ocrx_word' id='word_1_123' title='bbox 1098 1809 1202 1893; x_wconf 72' lang='grc' dir='ltr'><strong><em>δ’τυχεν</em></strong></span> <span class='ocrx_word' id='word_1_124' title='bbox 1219 1808 1235 1875; x_wconf 85' lang='grc' dir='ltr'>ὁ</span> <span class='ocrx_word' id='word_1_125' title='bbox 1250 1817 1344 1893; x_wconf 81' lang='grc' dir='ltr'><strong><em>βασι-</em></strong></span> 
     </span>
     <span class='ocr_line' id='line_1_16' title="bbox 240 1903 1403 2001; baseline -0.003 -24"><span class='ocrx_word' id='word_1_126' title='bbox 240 1912 309 1989; x_wconf 83' lang='grc' dir='ltr'><strong><em>λεδς</em></strong></span> <span class='ocrx_word' id='word_1_127' title='bbox 327 1909 433 1998; x_wconf 82' lang='grc' dir='ltr'><strong><em>Κόρυς</em></strong></span> <span class='ocrx_word' id='word_1_128' title='bbox 446 1913 579 1996; x_wconf 80' lang='grc' dir='ltr'><strong><em>Περσῶν</em></strong></span> <span class='ocrx_word' id='word_1_129' title='bbox 595 1903 691 1976; x_wconf 75' lang='grc' dir='ltr'><strong><em>οὖσαν</em></strong></span> <span class='ocrx_word' id='word_1_130' title='bbox 707 1908 794 1975; x_wconf 74' lang='grc' dir='ltr'><strong><em>ἑλών.</em></strong></span> <span class='ocrx_word' id='word_1_131' title='bbox 844 1913 981 1975; x_wconf 73' lang='grc' dir='ltr'><strong><em>ἐνταῦθα</em></strong></span> <span class='ocrx_word' id='word_1_132' title='bbox 997 1910 1188 1995; x_wconf 81' lang='grc' dir='ltr'><strong><em>Ἀναβδόνης</em></strong></span> <span class='ocrx_word' id='word_1_133' title='bbox 1207 1910 1224 1978; x_wconf 88' lang='grc' dir='ltr'><strong><em>ό</em></strong></span> <span class='ocrx_word' id='word_1_134' title='bbox 1244 1912 1403 2001; x_wconf 71' lang='lat' dir='ltr'><strong>rpperi-15.</strong></span> 
     </span>
     <span class='ocr_line' id='line_1_17' title="bbox 240 2011 1345 2103; baseline 0.005 -25"><span class='ocrx_word' id='word_1_135' title='bbox 240 2039 356 2103; x_wconf 89' lang='grc' dir='ltr'><strong><em>ραρχος</em></strong></span> <span class='ocrx_word' id='word_1_136' title='bbox 382 2016 424 2089; x_wconf 84' lang='grc' dir='ltr'><strong><em>τίς</em></strong></span> <span class='ocrx_word' id='word_1_137' title='bbox 445 2013 545 2095; x_wconf 82' lang='grc' dir='ltr'><strong><em>κρίσιν</em></strong></span> <span class='ocrx_word' id='word_1_138' title='bbox 563 2011 669 2096; x_wconf 75' lang='grc' dir='ltr'><strong><em>ἤγετο,</em></strong></span> <span class='ocrx_word' id='word_1_139' title='bbox 695 2011 881 2098; x_wconf 77' lang='grc' dir='ltr'><strong><em>παραγαγὼν</em></strong></span> <span class='ocrx_word' id='word_1_140' title='bbox 894 2013 951 2094; x_wconf 74' lang='grc' dir='ltr'><strong><em>μὲν</em></strong></span> <span class='ocrx_word' id='word_1_141' title='bbox 963 2014 1012 2077; x_wconf 77' lang='grc' dir='ltr'><strong><em>ἐπὶ</em></strong></span> <span class='ocrx_word' id='word_1_142' title='bbox 1029 2016 1107 2078; x_wconf 75' lang='grc' dir='ltr'><strong><em>πολὺ</em></strong></span> <span class='ocrx_word' id='word_1_143' title='bbox 1122 2015 1176 2081; x_wconf 83' lang='grc' dir='ltr'><strong><em>τόν</em></strong></span> <span class='ocrx_word' id='word_1_144' title='bbox 1186 2013 1345 2098; x_wconf 86' lang='grc' dir='ltr'><strong><em>Ῥωμαίων</em></strong></span> 
     </span>
     <span class='ocr_line' id='line_1_18' title="bbox 238 2113 1345 2205; baseline -0.002 -22"><span class='ocrx_word' id='word_1_145' title='bbox 238 2117 371 2204; x_wconf 85' lang='grc' dir='ltr'><strong><em>στρατόν</em></strong></span> <span class='ocrx_word' id='word_1_146' title='bbox 388 2113 431 2192; x_wconf 84' lang='grc' dir='ltr'><strong><em>ὡς</em></strong></span> <span class='ocrx_word' id='word_1_147' title='bbox 445 2113 483 2199; x_wconf 82' lang='grc' dir='ltr'><strong><em>δὴ</em></strong></span> <span class='ocrx_word' id='word_1_148' title='bbox 500 2116 686 2183; x_wconf 72' lang='grc' dir='ltr'><strong><em>συντελέσων</em></strong></span> <span class='ocrx_word' id='word_1_149' title='bbox 701 2116 787 2204; x_wconf 78' lang='grc' dir='ltr'><strong><em>αὐτῷ</em></strong></span> <span class='ocrx_word' id='word_1_150' title='bbox 801 2115 879 2201; x_wconf 83' lang='grc' dir='ltr'><strong><em>πρός</em></strong></span> <span class='ocrx_word' id='word_1_151' title='bbox 893 2114 946 2179; x_wconf 86' lang='grc' dir='ltr'><strong><em>τόν</em></strong></span> <span class='ocrx_word' id='word_1_152' title='bbox 961 2116 1042 2181; x_wconf 81' lang='grc' dir='ltr'><strong><em>κατὰ</em></strong></span> <span class='ocrx_word' id='word_1_153' title='bbox 1054 2122 1188 2205; x_wconf 82' lang='grc' dir='ltr'><strong><em>Περσῶν</em></strong></span> <span class='ocrx_word' id='word_1_154' title='bbox 1201 2118 1345 2203; x_wconf 79' lang='grc' dir='ltr'><strong><em>πόλεμον,</em></strong></span> 
     </span>
     <span class='ocr_line' id='line_1_19' title="bbox 237 2216 1343 2310; baseline 0.001 -23"><span class='ocrx_word' id='word_1_155' title='bbox 237 2218 305 2287; x_wconf 88' lang='grc' dir='ltr'><strong><em>τότε</em></strong></span> <span class='ocrx_word' id='word_1_156' title='bbox 324 2221 357 2287; x_wconf 74' lang='grc' dir='ltr'><strong><em>δὲ</em></strong></span> <span class='ocrx_word' id='word_1_157' title='bbox 372 2220 536 2301; x_wconf 74' lang='grc' dir='ltr'><strong><em>ἐξενεχθεὶς</em></strong></span> <span class='ocrx_word' id='word_1_158' title='bbox 555 2216 598 2295; x_wconf 82' lang='grc' dir='ltr'><strong><em>ὡς</em></strong></span> <span class='ocrx_word' id='word_1_159' title='bbox 614 2220 794 2305; x_wconf 81' lang='grc' dir='ltr'><strong><em>ίλοιδορεΐτο</em></strong></span> <span class='ocrx_word' id='word_1_160' title='bbox 810 2217 897 2305; x_wconf 79' lang='grc' dir='ltr'><strong><em>παρὰ</em></strong></span> <span class='ocrx_word' id='word_1_161' title='bbox 915 2221 1067 2298; x_wconf 82' lang='grc' dir='ltr'><strong><em>πλείστοις</em></strong></span> <span class='ocrx_word' id='word_1_162' title='bbox 1080 2218 1250 2309; x_wconf 87' lang='grc' dir='ltr'><strong><em>Ὁρμίσδην</em></strong></span> <span class='ocrx_word' id='word_1_163' title='bbox 1266 2249 1343 2310; x_wconf 87' lang='grc' dir='ltr'><strong><em>προ-</em></strong></span> 
     </span>
    </p>
   </div>
   <div class='ocr_carea' id='block_1_4' title="bbox 237 2320 1345 2412">
    <p class='ocr_par' dir='ltr' id='par_1_4' title="bbox 237 2320 1345 2412">
     <span class='ocr_line' id='line_1_20' title="bbox 237 2320 1345 2412; baseline 0.002 -23"><span class='ocrx_word' id='word_1_164' title='bbox 237 2321 330 2407; x_wconf 81' lang='grc' dir='ltr'><strong><em>δότην</em></strong></span> <span class='ocrx_word' id='word_1_165' title='bbox 344 2324 507 2389; x_wconf 81' lang='grc' dir='ltr'><strong><em>ἀποκαλῶν</em></strong></span> <span class='ocrx_word' id='word_1_166' title='bbox 519 2324 570 2386; x_wconf 81' lang='grc' dir='ltr'><strong><em>καί</em></strong></span> <span class='ocrx_word' id='word_1_167' title='bbox 583 2327 638 2405; x_wconf 85' lang='grc' dir='ltr'><strong><em>τῆς</em></strong></span> <span class='ocrx_word' id='word_1_168' title='bbox 651 2321 732 2388; x_wconf 79' lang='grc' dir='ltr'><strong><em>κατὰ</em></strong></span> <span class='ocrx_word' id='word_1_169' title='bbox 744 2324 879 2409; x_wconf 78' lang='grc' dir='ltr'><strong><em>Περσῶν</em></strong></span> <span class='ocrx_word' id='word_1_170' title='bbox 892 2320 990 2388; x_wconf 70' lang='grc' dir='ltr'><strong><em>αἴτιον</em></strong></span> <span class='ocrx_word' id='word_1_171' title='bbox 999 2325 1209 2412; x_wconf 66' lang='grc' dir='ltr'><strong><em>ἐκστρατείας·</em></strong></span> <span class='ocrx_word' id='word_1_172' title='bbox 1230 2330 1282 2391; x_wconf 78' lang='grc' dir='ltr'><strong><em>καί</em></strong></span> <span class='ocrx_word' id='word_1_173' title='bbox 1294 2329 1345 2392; x_wconf 63' lang='lat' dir='ltr'><strong><em>sni</em></strong></span> 
     </span>
    </p>
   </div>
   <div class='ocr_carea' id='block_1_5' title="bbox 161 2423 1387 2721">
    <p class='ocr_par' dir='ltr' id='par_1_5' title="bbox 161 2423 1387 2721">
     <span class='ocr_line' id='line_1_21' title="bbox 161 2423 1387 2513; baseline -0.011 -19"><span class='ocrx_word' id='word_1_174' title='bbox 161 2432 164 2441; x_wconf 88' lang='lat'>&#39;</span> <span class='ocrx_word' id='word_1_175' title='bbox 236 2425 357 2504; x_wconf 87' lang='grc' dir='ltr'><strong><em>τοότοις</em></strong></span> <span class='ocrx_word' id='word_1_176' title='bbox 372 2423 465 2503; x_wconf 82' lang='grc' dir='ltr'><strong><em>όιλοδς</em></strong></span> <span class='ocrx_word' id='word_1_177' title='bbox 483 2424 631 2513; x_wconf 77' lang='grc' dir='ltr'><strong><em>ἀνῃρέθη.</em></strong></span> <span class='ocrx_word' id='word_1_178' title='bbox 1350 2447 1387 2503; x_wconf 78' lang='lat'><strong><em>20</em></strong></span> 
     </span>
     <span class='ocr_line' id='line_1_22' title="bbox 342 2524 1344 2616; baseline 0.001 -19"><span class='ocrx_word' id='word_1_179' title='bbox 342 2524 403 2598; x_wconf 75' lang='lat'><strong><em>24·</em></strong></span> <span class='ocrx_word' id='word_1_180' title='bbox 453 2526 625 2615; x_wconf 82' lang='grc' dir='ltr'><strong><em>Προϊόντος</em></strong></span> <span class='ocrx_word' id='word_1_181' title='bbox 646 2526 681 2593; x_wconf 76' lang='grc' dir='ltr'><strong><em>δὲ</em></strong></span> <span class='ocrx_word' id='word_1_182' title='bbox 701 2524 869 2615; x_wconf 75' lang='grc' dir='ltr'><strong><em>περαιτίριο</em></strong></span> <span class='ocrx_word' id='word_1_183' title='bbox 892 2533 949 2593; x_wconf 78' lang='grc' dir='ltr'><strong><em>τοῦ</em></strong></span> <span class='ocrx_word' id='word_1_184' title='bbox 970 2534 1123 2616; x_wconf 75' lang='grc' dir='ltr'><strong><em>στρατοῦ,</em></strong></span> <span class='ocrx_word' id='word_1_185' title='bbox 1143 2529 1185 2595; x_wconf 86' lang='grc' dir='ltr'><strong><em>τδ</em></strong></span> <span class='ocrx_word' id='word_1_186' title='bbox 1207 2529 1261 2615; x_wconf 68' lang='grc' dir='ltr'><strong><em>ἕλη</em></strong></span> <span class='ocrx_word' id='word_1_187' title='bbox 1281 2533 1344 2599; x_wconf 87' lang='grc' dir='ltr'><strong><em>διε-</em></strong></span> 
     </span>
     <span class='ocr_line' id='line_1_23' title="bbox 238 2628 1345 2721; baseline 0.001 -22"><span class='ocrx_word' id='word_1_188' title='bbox 238 2629 426 2721; x_wconf 77' lang='grc' dir='ltr'><strong><em>ρευνώμενος</em></strong></span> <span class='ocrx_word' id='word_1_189' title='bbox 438 2630 614 2720; x_wconf 78' lang='grc' dir='ltr'><strong><em>Ἀρινθοῖος</em></strong></span> <span class='ocrx_word' id='word_1_190' title='bbox 632 2628 765 2711; x_wconf 86' lang='grc' dir='ltr'><strong><em>πολλοός</em></strong></span> <span class='ocrx_word' id='word_1_191' title='bbox 781 2658 815 2699; x_wconf 88' lang='grc' dir='ltr'><strong><em>τε</em></strong></span> <span class='ocrx_word' id='word_1_192' title='bbox 832 2632 865 2696; x_wconf 80' lang='grc' dir='ltr'><strong><em>ἒν</em></strong></span> <span class='ocrx_word' id='word_1_193' title='bbox 881 2628 1001 2709; x_wconf 87' lang='grc' dir='ltr'><strong><em>τοότοις</em></strong></span> <span class='ocrx_word' id='word_1_194' title='bbox 1018 2629 1115 2720; x_wconf 63' lang='lat' dir='ltr'><strong>aipein</strong></span> <span class='ocrx_word' id='word_1_195' title='bbox 1130 2632 1345 2717; x_wconf 82' lang='grc' dir='ltr'><strong><em>αίχμαλιότους</em></strong></span> 
     </span>
    </p>
   </div>
   <div class='ocr_carea' id='block_1_6' title="bbox 307 2824 1345 2967">
    <p class='ocr_par' dir='ltr' id='par_1_6' title="bbox 307 2824 1345 2967">
     <span class='ocr_line' id='line_1_24' title="bbox 307 2824 1345 2902; baseline 0.003 -19"><span class='ocrx_word' id='word_1_196' title='bbox 307 2829 327 2883; x_wconf 77' lang='grc'>3</span> <span class='ocrx_word' id='word_1_197' title='bbox 344 2824 558 2893; x_wconf 74' lang='grc' dir='ltr'><strong><em>οἰκοδομεῖσθαι</em></strong></span> <span class='ocrx_word' id='word_1_198' title='bbox 574 2826 631 2882; x_wconf 77' lang='lat' dir='ltr'><strong>tr.</strong></span> <span class='ocrx_word' id='word_1_199' title='bbox 748 2826 767 2883; x_wconf 86' lang='grc'><strong>7</strong></span> <span class='ocrx_word' id='word_1_200' title='bbox 782 2842 831 2897; x_wconf 89' lang='lat' dir='ltr'><strong>pro</strong></span> <span class='ocrx_word' id='word_1_201' title='bbox 847 2825 946 2895; x_wconf 77' lang='grc' dir='ltr'><strong><em>μείνας</em></strong></span> <span class='ocrx_word' id='word_1_202' title='bbox 960 2825 1133 2885; x_wconf 65' lang='lat' dir='ltr'><strong>temonem</strong></span> <span class='ocrx_word' id='word_1_203' title='bbox 1148 2829 1264 2900; x_wconf 67' lang='lat' dir='ltr'><strong>dobimt,</strong></span> <span class='ocrx_word' id='word_1_204' title='bbox 1281 2832 1345 2902; x_wconf 86' lang='grc' dir='ltr'><strong><em>Μη-</em></strong></span> 
     </span>
     <span class='ocr_line' id='line_1_25' title="bbox 308 2892 791 2967; baseline 0 -16"><span class='ocrx_word' id='word_1_205' title='bbox 308 2897 372 2961; x_wconf 83' lang='grc' dir='ltr'><strong><em>δίας</em></strong></span> <span class='ocrx_word' id='word_1_206' title='bbox 388 2914 422 2951; x_wconf 83' lang='grc' dir='ltr'><strong><em>εια</em></strong></span> <span class='ocrx_word' id='word_1_207' title='bbox 436 2892 576 2967; x_wconf 71' lang='grc' dir='ltr'><strong><em>Ἀρμενίας</em></strong></span> <span class='ocrx_word' id='word_1_208' title='bbox 592 2897 628 2951; x_wconf 87' lang='lat' dir='ltr'><strong><em>sit</em></strong></span> <span class='ocrx_word' id='word_1_209' title='bbox 644 2896 791 2967; x_wconf 80' lang='lat' dir='ltr'><strong>legendum.</strong></span> 
     </span>
    </p>
   </div>
   <div class='ocr_carea' id='block_1_7' title="bbox 236 3064 1414 4381">
    <p class='ocr_par' dir='ltr' id='par_1_7' title="bbox 237 3064 1346 3329">
     <span class='ocr_line' id='line_1_26' title="bbox 239 3064 1345 3138; baseline 0.002 -18"><span class='ocrx_word' id='word_1_210' title='bbox 239 3066 333 3121; x_wconf 81' lang='lat' dir='ltr'><strong>alieubi</strong></span> <span class='ocrx_word' id='word_1_211' title='bbox 345 3066 378 3119; x_wconf 92' lang='lat' dir='ltr'><strong><em>ab</em></strong></span> <span class='ocrx_word' id='word_1_212' title='bbox 390 3084 421 3120; x_wconf 87' lang='lat' dir='ltr'><strong>eo</strong></span> <span class='ocrx_word' id='word_1_213' title='bbox 434 3066 492 3120; x_wconf 89' lang='lat' dir='ltr'><strong>loco</strong></span> <span class='ocrx_word' id='word_1_214' title='bbox 504 3064 603 3136; x_wconf 81' lang='lat' dir='ltr'><strong>regiam</strong></span> <span class='ocrx_word' id='word_1_215' title='bbox 613 3066 687 3133; x_wconf 82' lang='lat' dir='ltr'><strong>sidit,</strong></span> <span class='ocrx_word' id='word_1_216' title='bbox 704 3084 776 3121; x_wconf 89' lang='lat' dir='ltr'><strong>more</strong></span> <span class='ocrx_word' id='word_1_217' title='bbox 786 3066 901 3120; x_wconf 76' lang='lat' dir='ltr'><strong>Romano</strong></span> <span class='ocrx_word' id='word_1_218' title='bbox 911 3065 1048 3134; x_wconf 78' lang='lat' dir='ltr'><strong>magnifiee</strong></span> <span class='ocrx_word' id='word_1_219' title='bbox 1059 3070 1195 3130; x_wconf 62' lang='lat' dir='ltr'><strong>murem</strong></span> <span class='ocrx_word' id='word_1_220' title='bbox 1212 3084 1289 3138; x_wconf 85' lang='lat' dir='ltr'><strong>qoam</strong></span> <span class='ocrx_word' id='word_1_221' title='bbox 1300 3069 1345 3123; x_wconf 87' lang='lat' dir='ltr'><strong><em>ubi</em></strong></span> 
     </span>
     <span class='ocr_line' id='line_1_27' title="bbox 240 3135 1345 3206; baseline 0.001 -16"><span class='ocrx_word' id='word_1_222' title='bbox 240 3136 404 3205; x_wconf 70' lang='lat' dir='ltr'>cognovisset</span> <span class='ocrx_word' id='word_1_223' title='bbox 422 3154 439 3189; x_wconf 87' lang='lat' dir='ltr'><strong>a</strong></span> <span class='ocrx_word' id='word_1_224' title='bbox 456 3137 580 3190; x_wconf 84' lang='lat' dir='ltr'><strong>Romanis</strong></span> <span class='ocrx_word' id='word_1_225' title='bbox 599 3136 778 3204; x_wconf 79' lang='lat' dir='ltr'><strong>aedificatam,</strong></span> <span class='ocrx_word' id='word_1_226' title='bbox 795 3136 915 3205; x_wconf 83' lang='lat' dir='ltr'><strong>reliquit,</strong></span> <span class='ocrx_word' id='word_1_227' title='bbox 932 3153 980 3187; x_wconf 89' lang='lat' dir='ltr'><strong>neo</strong></span> <span class='ocrx_word' id='word_1_228' title='bbox 997 3135 1107 3189; x_wconf 87' lang='lat' dir='ltr'><strong>tribunis</strong></span> <span class='ocrx_word' id='word_1_229' title='bbox 1124 3143 1154 3189; x_wconf 88' lang='lat' dir='ltr'><strong>ut</strong></span> <span class='ocrx_word' id='word_1_230' title='bbox 1167 3137 1263 3206; x_wconf 83' lang='lat' dir='ltr'><strong>aliquid</strong></span> <span class='ocrx_word' id='word_1_231' title='bbox 1274 3138 1301 3190; x_wconf 89' lang='lat' dir='ltr'><strong><em>in</em></strong></span> <span class='ocrx_word' id='word_1_232' title='bbox 1312 3155 1345 3191; x_wconf 84' lang='lat' dir='ltr'><strong>ea</strong></span> 
     </span>
     <span class='ocr_line' id='line_1_28' title="bbox 241 3204 1346 3275; baseline 0.002 -16"><span class='ocrx_word' id='word_1_233' title='bbox 241 3210 434 3275; x_wconf 68' lang='lat' dir='ltr'><strong>corrumperent</strong></span> <span class='ocrx_word' id='word_1_234' title='bbox 451 3204 579 3275; x_wconf 74' lang='lat' dir='ltr'><strong>permisit,</strong></span> <span class='ocrx_word' id='word_1_235' title='bbox 607 3205 663 3259; x_wconf 87' lang='lat' dir='ltr'><strong>eius</strong></span> <span class='ocrx_word' id='word_1_236' title='bbox 675 3205 925 3259; x_wconf 79' lang='lat' dir='ltr'><strong>famesvereoomdia</strong></span> <span class='ocrx_word' id='word_1_237' title='bbox 935 3212 1037 3274; x_wconf 88' lang='lat' dir='ltr'><strong>motus,</strong></span> <span class='ocrx_word' id='word_1_238' title='bbox 1054 3205 1123 3275; x_wconf 85' lang='lat' dir='ltr'><strong>quod</strong></span> <span class='ocrx_word' id='word_1_239' title='bbox 1133 3206 1244 3259; x_wconf 74' lang='lat' dir='ltr'><strong>aedificii</strong></span> <span class='ocrx_word' id='word_1_240' title='bbox 1254 3212 1346 3262; x_wconf 80' lang='lat' dir='ltr'><strong>aucto·</strong></span> 
     </span>
     <span class='ocr_line' id='line_1_29' title="bbox 237 3274 614 3329; baseline -0.005 0"><span class='ocrx_word' id='word_1_241' title='bbox 237 3292 281 3329; x_wconf 88' lang='lat' dir='ltr'><strong><em>res</em></strong></span> <span class='ocrx_word' id='word_1_242' title='bbox 294 3274 400 3327; x_wconf 87' lang='lat' dir='ltr'><strong>Romani</strong></span> <span class='ocrx_word' id='word_1_243' title='bbox 431 3275 614 3327; x_wconf 85' lang='lat' dir='ltr'><strong>erhiberentur.</strong></span> 
     </span>
    </p>

    <p class='ocr_par' dir='ltr' id='par_1_8' title="bbox 236 3292 1414 4035">
     <span class='ocr_line' id='line_1_30' title="bbox 308 3292 1414 3413; baseline 0.004 -18"><span class='ocrx_word' id='word_1_244' title='bbox 308 3343 379 3395; x_wconf 89' lang='lat' dir='ltr'><strong>Hinc</strong></span> <span class='ocrx_word' id='word_1_245' title='bbox 399 3292 444 3393; x_wconf 63' lang='grc' dir='ltr'><strong><em>υόνί</em></strong></span> <span class='ocrx_word' id='word_1_246' title='bbox 462 3343 568 3395; x_wconf 79' lang='lat' dir='ltr'><strong>castella</strong></span> <span class='ocrx_word' id='word_1_247' title='bbox 588 3342 714 3411; x_wconf 78' lang='lat' dir='ltr'><strong>quosdam</strong></span> <span class='ocrx_word' id='word_1_248' title='bbox 734 3341 910 3411; x_wconf 78' lang='lat' dir='ltr'><strong>praeteriisset</strong></span> <span class='ocrx_word' id='word_1_249' title='bbox 921 3340 1063 3401; x_wconf 86' lang='lat' dir='ltr'><strong>exereitus,</strong></span> <span class='ocrx_word' id='word_1_250' title='bbox 1078 3340 1111 3394; x_wconf 85' lang='lat' dir='ltr'><strong><em>ad</em></strong></span> <span class='ocrx_word' id='word_1_251' title='bbox 1122 3342 1242 3413; x_wconf 88' lang='lat' dir='ltr'><strong>oppidum</strong></span> <span class='ocrx_word' id='word_1_252' title='bbox 1254 3344 1345 3399; x_wconf 78' lang='lat' dir='ltr'><strong>Arme·</strong></span> <span class='ocrx_word' id='word_1_253' title='bbox 1401 3350 1414 3377; x_wconf 85' lang='lat'><strong><em>‘</em></strong></span> 
     </span>
     <span class='ocr_line' id='line_1_31' title="bbox 237 3408 1347 3483; baseline 0.003 -18"><span class='ocrx_word' id='word_1_254' title='bbox 237 3411 298 3466; x_wconf 86' lang='lat' dir='ltr'><strong>niae</strong></span> <span class='ocrx_word' id='word_1_255' title='bbox 308 3412 382 3464; x_wconf 83' lang='lat' dir='ltr'><strong>venit</strong></span> <span class='ocrx_word' id='word_1_256' title='bbox 393 3412 510 3464; x_wconf 74' lang='lat' dir='ltr'><strong>subaros</strong></span> <span class='ocrx_word' id='word_1_257' title='bbox 520 3411 630 3476; x_wconf 77' lang='lat' dir='ltr'><strong>diotum3</strong></span> <span class='ocrx_word' id='word_1_258' title='bbox 648 3410 717 3480; x_wconf 88' lang='lat' dir='ltr'><strong>quod</strong></span> <span class='ocrx_word' id='word_1_259' title='bbox 730 3411 837 3479; x_wconf 80' lang='lat' dir='ltr'><strong>triginta</strong></span> <span class='ocrx_word' id='word_1_260' title='bbox 848 3411 939 3464; x_wconf 87' lang='lat' dir='ltr'><strong>stadiis</strong></span> <span class='ocrx_word' id='word_1_261' title='bbox 949 3411 982 3464; x_wconf 86' lang='lat' dir='ltr'><strong><em>ab</em></strong></span> <span class='ocrx_word' id='word_1_262' title='bbox 995 3426 1026 3462; x_wconf 88' lang='lat' dir='ltr'><strong>ea</strong></span> <span class='ocrx_word' id='word_1_263' title='bbox 1037 3408 1114 3463; x_wconf 81' lang='lat' dir='ltr'><strong>distat</strong></span> <span class='ocrx_word' id='word_1_264' title='bbox 1127 3428 1195 3481; x_wconf 87' lang='lat' dir='ltr'><strong>quae</strong></span> <span class='ocrx_word' id='word_1_265' title='bbox 1205 3414 1276 3483; x_wconf 79' lang='lat' dir='ltr'><strong>prlos</strong></span> <span class='ocrx_word' id='word_1_266' title='bbox 1287 3414 1347 3483; x_wconf 85' lang='lat' dir='ltr'><strong>qui-</strong></span> 
     </span>
     <span class='ocr_line' id='line_1_32' title="bbox 237 3478 1346 3549; baseline 0.004 -16"><span class='ocrx_word' id='word_1_267' title='bbox 237 3480 296 3533; x_wconf 88' lang='lat' dir='ltr'><strong>dem</strong></span> <span class='ocrx_word' id='word_1_268' title='bbox 314 3480 445 3545; x_wconf 74' lang='lat' dir='ltr'><strong>zechara,</strong></span> <span class='ocrx_word' id='word_1_269' title='bbox 463 3496 530 3531; x_wconf 89' lang='lat' dir='ltr'><strong>nune</strong></span> <span class='ocrx_word' id='word_1_270' title='bbox 544 3496 609 3532; x_wconf 85' lang='lat' dir='ltr'><strong>vero</strong></span> <span class='ocrx_word' id='word_1_271' title='bbox 630 3480 749 3533; x_wconf 83' lang='lat' dir='ltr'><strong>Seleucia</strong></span> <span class='ocrx_word' id='word_1_272' title='bbox 765 3487 935 3549; x_wconf 77' lang='lat' dir='ltr'><strong>noncupatur.</strong></span> <span class='ocrx_word' id='word_1_273' title='bbox 968 3478 1125 3549; x_wconf 77' lang='lat' dir='ltr'><strong>imperatore</strong></span> <span class='ocrx_word' id='word_1_274' title='bbox 1140 3481 1167 3533; x_wconf 90' lang='lat' dir='ltr'><strong><em>in</em></strong></span> <span class='ocrx_word' id='word_1_275' title='bbox 1186 3482 1271 3535; x_wconf 86' lang='lat' dir='ltr'><strong>vicino</strong></span> <span class='ocrx_word' id='word_1_276' title='bbox 1287 3482 1346 3537; x_wconf 90' lang='lat' dir='ltr'><strong>looo</strong></span> 
     </span>
     <span class='ocr_line' id='line_1_33' title="bbox 238 3548 1346 3621; baseline 0.004 -19"><span class='ocrx_word' id='word_1_277' title='bbox 238 3566 295 3602; x_wconf 87' lang='lat' dir='ltr'><strong>eom</strong></span> <span class='ocrx_word' id='word_1_278' title='bbox 309 3548 398 3601; x_wconf 90' lang='lat' dir='ltr'><strong>maiori</strong></span> <span class='ocrx_word' id='word_1_279' title='bbox 409 3548 538 3603; x_wconf 85' lang='lat' dir='ltr'><strong>exercitas</strong></span> <span class='ocrx_word' id='word_1_280' title='bbox 552 3554 627 3619; x_wconf 86' lang='lat' dir='ltr'><strong>parte</strong></span> <span class='ocrx_word' id='word_1_281' title='bbox 644 3556 815 3618; x_wconf 80' lang='lat' dir='ltr'><strong>commorato,</strong></span> <span class='ocrx_word' id='word_1_282' title='bbox 833 3550 1013 3619; x_wconf 68' lang='lat' dir='ltr'><strong><em>exploratores</em></strong></span> <span class='ocrx_word' id='word_1_283' title='bbox 1030 3550 1174 3617; x_wconf 74' lang='lat' dir='ltr'><strong>antegressi</strong></span> <span class='ocrx_word' id='word_1_284' title='bbox 1188 3550 1214 3603; x_wconf 85' lang='lat' dir='ltr'><strong><em>vi</em></strong></span> <span class='ocrx_word' id='word_1_285' title='bbox 1224 3552 1346 3621; x_wconf 86' lang='lat' dir='ltr'><strong>oppidum</strong></span> 
     </span>
     <span class='ocr_line' id='line_1_34' title="bbox 237 3617 1347 3687; baseline 0.005 -17"><span class='ocrx_word' id='word_1_286' title='bbox 237 3618 351 3686; x_wconf 79' lang='lat' dir='ltr'><strong>capiant.</strong></span> <span class='ocrx_word' id='word_1_287' title='bbox 386 3617 512 3687; x_wconf 76' lang='lat' dir='ltr'><strong>postridie</strong></span> <span class='ocrx_word' id='word_1_288' title='bbox 530 3634 587 3671; x_wconf 88' lang='lat' dir='ltr'><strong>eum</strong></span> <span class='ocrx_word' id='word_1_289' title='bbox 607 3634 692 3672; x_wconf 88' lang='lat' dir='ltr'><strong>muros</strong></span> <span class='ocrx_word' id='word_1_290' title='bbox 710 3618 766 3672; x_wconf 86' lang='lat' dir='ltr'><strong>eius</strong></span> <span class='ocrx_word' id='word_1_291' title='bbox 782 3617 928 3671; x_wconf 76' lang='lat' dir='ltr'><strong>circumiret</strong></span> <span class='ocrx_word' id='word_1_292' title='bbox 943 3617 1099 3685; x_wconf 85' lang='lat' dir='ltr'><strong>imperator,</strong></span> <span class='ocrx_word' id='word_1_293' title='bbox 1124 3636 1168 3671; x_wconf 88' lang='lat' dir='ltr'><strong><em>eor</em></strong></span> <span class='ocrx_word' id='word_1_294' title='bbox 1187 3637 1234 3674; x_wconf 92' lang='lat' dir='ltr'><strong>ora</strong></span> <span class='ocrx_word' id='word_1_295' title='bbox 1250 3620 1347 3676; x_wconf 73' lang='lat' dir='ltr'><strong>suffixa</strong></span> 
     </span>
     <span class='ocr_line' id='line_1_35' title="bbox 236 3638 1346 3757; baseline 0.004 -18"><span class='ocrx_word' id='word_1_296' title='bbox 236 3686 360 3757; x_wconf 87' lang='lat' dir='ltr'><strong>patibulis</strong></span> <span class='ocrx_word' id='word_1_297' title='bbox 378 3693 438 3739; x_wconf 83' lang='lat' dir='ltr'><strong>ante</strong></span> <span class='ocrx_word' id='word_1_298' title='bbox 455 3693 547 3756; x_wconf 82' lang='lat' dir='ltr'><strong>portes</strong></span> <span class='ocrx_word' id='word_1_299' title='bbox 565 3688 706 3756; x_wconf 75' lang='lat' dir='ltr'><strong>conspexit.</strong></span> <span class='ocrx_word' id='word_1_300' title='bbox 740 3704 773 3741; x_wconf 85' lang='lat' dir='ltr'><strong><em>ee</em></strong></span> <span class='ocrx_word' id='word_1_301' title='bbox 788 3687 930 3741; x_wconf 72' lang='lat' dir='ltr'><strong>narrabam</strong></span> <span class='ocrx_word' id='word_1_302' title='bbox 940 3685 1077 3753; x_wconf 84' lang='lat' dir='ltr'><strong>indigenae</strong></span> <span class='ocrx_word' id='word_1_303' title='bbox 1089 3638 1219 3741; x_wconf 57' lang='lat' dir='ltr'><strong>euiusddm</strong></span> <span class='ocrx_word' id='word_1_304' title='bbox 1229 3706 1288 3743; x_wconf 84' lang='lat' dir='ltr'><strong>esse</strong></span> <span class='ocrx_word' id='word_1_305' title='bbox 1298 3708 1346 3743; x_wconf 84' lang='lat' dir='ltr'><strong>ne-</strong></span> 
     </span>
     <span class='ocr_line' id='line_1_36' title="bbox 237 3754 1347 3838; baseline 0.005 -30"><span class='ocrx_word' id='word_1_306' title='bbox 237 3757 423 3822; x_wconf 78' lang='lat' dir='ltr'><strong>romariorum,</strong></span> <span class='ocrx_word' id='word_1_307' title='bbox 441 3756 484 3825; x_wconf 90' lang='lat' dir='ltr'><strong><em>qui</em></strong></span> <span class='ocrx_word' id='word_1_308' title='bbox 499 3756 591 3810; x_wconf 81' lang='lat' dir='ltr'><strong>fuisset</strong></span> <span class='ocrx_word' id='word_1_309' title='bbox 603 3762 738 3810; x_wconf 81' lang='lat' dir='ltr'><strong>aecusatus</strong></span> <span class='ocrx_word' id='word_1_310' title='bbox 751 3756 825 3826; x_wconf 84' lang='lat' dir='ltr'><strong>qoasi</strong></span> <span class='ocrx_word' id='word_1_311' title='bbox 835 3756 964 3826; x_wconf 87' lang='lat' dir='ltr'><strong>quoddam</strong></span> <span class='ocrx_word' id='word_1_312' title='bbox 975 3772 992 3807; x_wconf 91' lang='lat' dir='ltr'><strong>o</strong></span> <span class='ocrx_word' id='word_1_313' title='bbox 1009 3754 1098 3838; x_wconf 86' lang='lat' dir='ltr'><strong>pidum</strong></span> <span class='ocrx_word' id='word_1_314' title='bbox 1110 3756 1215 3813; x_wconf 83' lang='lat' dir='ltr'><strong>dicionis</strong></span> <span class='ocrx_word' id='word_1_315' title='bbox 1225 3758 1347 3813; x_wconf 73' lang='lat' dir='ltr'><strong>Persicae</strong></span> 
     </span>
     <span class='ocr_line' id='line_1_37' title="bbox 238 3773 1348 3898; baseline 0.005 -22"><span class='ocrx_word' id='word_1_316' title='bbox 238 3825 409 3895; x_wconf 73' lang='lat' dir='ltr'><strong>prodidisset,</strong></span> <span class='ocrx_word' id='word_1_317' title='bbox 434 3824 504 3894; x_wconf 86' lang='lat' dir='ltr'><strong>qood</strong></span> <span class='ocrx_word' id='word_1_318' title='bbox 520 3826 660 3896; x_wconf 81' lang='lat' dir='ltr'><strong>imperator</strong></span> <span class='ocrx_word' id='word_1_319' title='bbox 678 3825 765 3879; x_wconf 83' lang='lat' dir='ltr'><strong>Carus</strong></span> <span class='ocrx_word' id='word_1_320' title='bbox 782 3830 962 3898; x_wconf 78' lang='lat' dir='ltr'><strong>occupaverat.</strong></span> <span class='ocrx_word' id='word_1_321' title='bbox 992 3773 1038 3877; x_wconf 72' lang='grc' dir='ltr'><strong><em>λυα</em></strong></span> <span class='ocrx_word' id='word_1_322' title='bbox 1057 3823 1205 3879; x_wconf 77' lang='lat' dir='ltr'><strong>Anabdstes</strong></span> <span class='ocrx_word' id='word_1_323' title='bbox 1224 3828 1348 3897; x_wconf 86' lang='lat' dir='ltr'><strong>praesidii</strong></span> 
     </span>
     <span class='ocr_line' id='line_1_38' title="bbox 238 3892 1347 4035; baseline 0.004 -19"><span class='ocrx_word' id='word_1_324' title='bbox 238 3892 1347 4035; x_wconf 46' lang='lat' dir='ltr'><strong>tittreditreddittitii:ettifflttdsiiittit‘ti</strong></span> 
     </span>
    </p>

    <p class='ocr_par' dir='ltr' id='par_1_9' title="bbox 238 4004 1347 4242">
     <span class='ocr_line' id='line_1_39' title="bbox 1011 4004 1019 4029; baseline 0 0"><span class='ocrx_word' id='word_1_325' title='bbox 1011 4004 1019 4029; x_wconf 76' lang='grc'><strong><em>7</em></strong></span> 
     </span>
     <span class='ocr_line' id='line_1_40' title="bbox 238 4030 1347 4103; baseline 0.003 -19"><span class='ocrx_word' id='word_1_326' title='bbox 238 4032 346 4102; x_wconf 81' lang='lat' dir='ltr'><strong>quodie</strong></span> <span class='ocrx_word' id='word_1_327' title='bbox 358 4032 520 4086; x_wconf 84' lang='lat' dir='ltr'><strong>Hormiadsm</strong></span> <span class='ocrx_word' id='word_1_328' title='bbox 531 4032 668 4085; x_wconf 80' lang='lat' dir='ltr'><strong>maledicus</strong></span> <span class='ocrx_word' id='word_1_329' title='bbox 688 4040 772 4100; x_wconf 87' lang='lat' dir='ltr'><strong>esset,</strong></span> <span class='ocrx_word' id='word_1_330' title='bbox 790 4032 817 4085; x_wconf 87' lang='lat' dir='ltr'><strong><em>iss</em></strong></span> <span class='ocrx_word' id='word_1_331' title='bbox 839 4031 985 4101; x_wconf 82' lang='lat' dir='ltr'><strong>proesentis</strong></span> <span class='ocrx_word' id='word_1_332' title='bbox 1002 4030 1169 4097; x_wconf 83' lang='lat' dir='ltr'><strong>plurimorum</strong></span> <span class='ocrx_word' id='word_1_333' title='bbox 1187 4034 1347 4103; x_wconf 85' lang='lat' dir='ltr'><strong>proditorem</strong></span> 
     </span>
     <span class='ocr_line' id='line_1_41' title="bbox 240 4099 1347 4173; baseline 0.004 -20"><span class='ocrx_word' id='word_1_334' title='bbox 240 4118 298 4154; x_wconf 84' lang='lat' dir='ltr'><strong>eum</strong></span> <span class='ocrx_word' id='word_1_335' title='bbox 310 4118 406 4155; x_wconf 85' lang='lat' dir='ltr'><strong>reeens</strong></span> <span class='ocrx_word' id='word_1_336' title='bbox 418 4108 444 4154; x_wconf 88' lang='lat' dir='ltr'><strong><em>et</em></strong></span> <span class='ocrx_word' id='word_1_337' title='bbox 455 4108 591 4173; x_wconf 74' lang='lat' dir='ltr'><strong>susceptae</strong></span> <span class='ocrx_word' id='word_1_338' title='bbox 602 4107 693 4155; x_wconf 83' lang='lat' dir='ltr'><strong>eontra</strong></span> <span class='ocrx_word' id='word_1_339' title='bbox 702 4102 798 4155; x_wconf 84' lang='lat' dir='ltr'><strong>Perses</strong></span> <span class='ocrx_word' id='word_1_340' title='bbox 809 4099 980 4172; x_wconf 86' lang='lat' dir='ltr'><strong>expeditionis</strong></span> <span class='ocrx_word' id='word_1_341' title='bbox 991 4107 1132 4171; x_wconf 80' lang='lat' dir='ltr'><strong>auctorem,</strong></span> <span class='ocrx_word' id='word_1_342' title='bbox 1151 4118 1234 4171; x_wconf 85' lang='lat' dir='ltr'><strong>eoque</strong></span> <span class='ocrx_word' id='word_1_343' title='bbox 1244 4102 1347 4157; x_wconf 85' lang='lat' dir='ltr'><strong>nomine</strong></span> 
     </span>
     <span class='ocr_line' id='line_1_42' title="bbox 240 4169 765 4242; baseline -0.002 -19"><span class='ocrx_word' id='word_1_344' title='bbox 240 4169 374 4223; x_wconf 85' lang='lat' dir='ltr'><strong>eonvietus</strong></span> <span class='ocrx_word' id='word_1_345' title='bbox 387 4170 480 4241; x_wconf 82' lang='lat' dir='ltr'><strong>eapitis</strong></span> <span class='ocrx_word' id='word_1_346' title='bbox 490 4172 637 4242; x_wconf 81' lang='lat' dir='ltr'><strong>supplicium</strong></span> <span class='ocrx_word' id='word_1_347' title='bbox 649 4170 765 4242; x_wconf 88' lang='lat' dir='ltr'><strong>pertulit.</strong></span> 
     </span>
    </p>

    <p class='ocr_par' dir='ltr' id='par_1_10' title="bbox 241 4234 1348 4381">
     <span class='ocr_line' id='line_1_43' title="bbox 310 4234 1347 4363; baseline 0.001 -69"><span class='ocrx_word' id='word_1_348' title='bbox 310 4240 354 4295; x_wconf 73' lang='lat'><strong><em>24.</em></strong></span> <span class='ocrx_word' id='word_1_349' title='bbox 389 4240 504 4293; x_wconf 88' lang='lat' dir='ltr'><strong>Ulterius</strong></span> <span class='ocrx_word' id='word_1_350' title='bbox 517 4242 636 4325; x_wconf 82' lang='lat' dir='ltr'><strong>proiecto</strong></span> <span class='ocrx_word' id='word_1_351' title='bbox 648 4238 778 4308; x_wconf 80' lang='lat' dir='ltr'><strong>exercitu,</strong></span> <span class='ocrx_word' id='word_1_352' title='bbox 794 4237 903 4307; x_wconf 82' lang='lat' dir='ltr'><strong>paludes</strong></span> <span class='ocrx_word' id='word_1_353' title='bbox 915 4234 1069 4291; x_wconf 77' lang='lat' dir='ltr'><strong>Arinthaers</strong></span> <span class='ocrx_word' id='word_1_354' title='bbox 1077 4242 1244 4363; x_wconf 86' lang='lat' dir='ltr'><strong>persomtams</strong></span> <span class='ocrx_word' id='word_1_355' title='bbox 1253 4238 1347 4295; x_wconf 84' lang='lat' dir='ltr'><strong>maltos</strong></span> 
     </span>
     <span class='ocr_line' id='line_1_44' title="bbox 241 4304 1348 4381; baseline 0.001 -16"><span class='ocrx_word' id='word_1_356' title='bbox 241 4304 270 4365; x_wconf 85' lang='lat' dir='ltr'><strong><em>io</em></strong></span> <span class='ocrx_word' id='word_1_357' title='bbox 280 4308 318 4365; x_wconf 88' lang='lat' dir='ltr'><strong><em>eis</em></strong></span> <span class='ocrx_word' id='word_1_358' title='bbox 326 4315 446 4381; x_wconf 82' lang='lat' dir='ltr'><strong>repertos</strong></span> <span class='ocrx_word' id='word_1_359' title='bbox 457 4314 572 4380; x_wconf 72' lang='lat' dir='ltr'><strong>oaptsos</strong></span> <span class='ocrx_word' id='word_1_360' title='bbox 583 4308 697 4365; x_wconf 78' lang='lat' dir='ltr'><strong>abduxit.</strong></span> <span class='ocrx_word' id='word_1_361' title='bbox 731 4308 773 4365; x_wconf 80' lang='lat' dir='ltr'><strong>hie</strong></span> <span class='ocrx_word' id='word_1_362' title='bbox 782 4307 891 4380; x_wconf 82' lang='lat' dir='ltr'><strong>primum</strong></span> <span class='ocrx_word' id='word_1_363' title='bbox 901 4307 1001 4363; x_wconf 86' lang='lat' dir='ltr'><strong>Persae</strong></span> <span class='ocrx_word' id='word_1_364' title='bbox 1010 4323 1078 4378; x_wconf 73' lang='grc' dir='ltr'><strong><em>υνυς</em></strong></span> <span class='ocrx_word' id='word_1_365' title='bbox 1087 4308 1159 4365; x_wconf 82' lang='lat' dir='ltr'><strong>obati</strong></span> <span class='ocrx_word' id='word_1_366' title='bbox 1169 4306 1348 4381; x_wconf 74' lang='lat' dir='ltr'><strong>exploratores</strong></span> 
     </span>
    </p>
   </div>
   <div class='ocr_carea' id='block_1_8' title="bbox 0 0 1522 4892">
    <p class='ocr_par' dir='ltr' id='par_1_11' title="bbox 0 0 1522 4892">
     <span class='ocr_line' id='line_1_45' title="bbox 0 0 1522 4892; baseline 0 0"><span class='ocrx_word' id='word_1_367' title='bbox 0 0 1522 4892; x_wconf 95' lang='lat' dir='ltr'><strong><em> </em></strong></span> 
     </span>
    </p>
   </div>
  </div>
 </body>
</html>
