3025 4892
581 310 854 398 Dtsoutsmtt
1164 333 1260 386 mv

171 495 266 556 literis
280 513 403 576 operam
415 491 550 573 dederat,
572 497 730 558 auctoritas
744 495 870 559 dabetru
883 491 969 556 band
981 495 1123 572 minima,
1145 499 1195 558 vel
1209 499 1261 558 ias

172 599 234 678 vito
248 596 372 676 Photis,
393 600 446 681 qni
457 597 549 659 fidem
563 603 592 660 si
604 612 639 661 ut
651 601 806 680 sugillaati
820 597 1003 660 christianos
1014 599 1148 679 abrogat.
1188 619 1261 663 nam

173 697 284 760 indicio
302 721 356 760 suo
365 745 374 778 ,
396 719 456 782 quo
478 701 570 762 fidem
589 705 652 762 eius
672 712 803 762 evertere
819 700 944 761 Photius
962 699 1078 776 studet,
1098 722 1160 762 non
1170 701 1262 762 modo

175 801 393 862 linnameutum
412 805 512 864 ullum
530 825 592 864 non
614 803 768 880 adiuuit,
793 825 899 865 verum
919 807 1010 864 etiam
1033 806 1105 862 satis
1130 802 1262 869 dilucida

175 923 248 984 prae
260 925 291 964 se
306 907 362 964 fert
377 901 540 982 iuvidiam,
562 925 622 988 qua
633 908 761 966 latorum
771 915 941 986 temporum
955 903 1114 964 Christiani
1124 904 1263 978 hommes

176 1007 290 1064 moenai
304 1027 366 1066 nou
380 1008 573 1084 verebantur,
595 1005 739 1090 quicquid
751 1009 785 1067 in
796 1009 922 1089 paganis
934 1006 1024 1066 laude
1037 1006 1162 1085 dignum
1172 1017 1263 1083 susq

177 1107 303 1184 elevare,
326 1128 447 1190 eosque,
464 1112 491 1170 si
507 1108 545 1168 de
562 1111 651 1172 rebus
662 1109 898 1172 Christianorum
910 1113 1041 1170 serarius
1052 1107 1184 1168 indicare
1197 1110 1263 1169 ausi

54 1271 59 1284 ,
175 1219 291 1284 essem,
313 1213 466 1289 exagitare
489 1221 524 1271 ut
546 1213 775 1274 calumniatores
795 1223 827 1270 et
846 1212 987 1272 considis
998 1214 1139 1272 lacerare.
1182 1220 1265 1270 oete-

176 1330 243 1370 rum
256 1313 411 1392 Eunapius
423 1333 486 1374 non
498 1333 570 1374 snae
586 1313 676 1375 modo
691 1316 795 1375 samba
810 1333 857 1374 res
870 1324 934 1374 erat
946 1325 1135 1394 persecatus,
1156 1310 1211 1374 scd
1224 1309 1264 1372 ad

176 1413 289 1472 saeculi
301 1413 365 1474 sere
377 1417 508 1495 spatimn
522 1437 670 1497 regressus
683 1415 826 1477 historiae
839 1437 912 1478 suae
922 1414 1121 1496 primordium
1139 1435 1157 1474 a
1171 1433 1264 1492 regua

178 1512 297 1574 claudii
309 1516 433 1578 secundi
446 1519 573 1595 fecerat,
595 1540 655 1602 quo
671 1521 845 1598 Dexippus,
866 1519 1001 1598 aequalis
1014 1520 1094 1593 sius,
1114 1537 1169 1576 suo
1183 1516 1266 1595 operi

177 1615 270 1674 linem
286 1618 479 1698 imposuerat.
520 1623 613 1682 fuisse
633 1623 771 1701 Eunapic
791 1621 824 1680 in
844 1640 880 1678 ea
900 1622 998 1699 operis
1015 1630 1117 1698 parte,
1138 1637 1197 1698 qua
1218 1637 1267 1678 res

178 1737 267 1780 mam
283 1730 411 1780 aetatem
424 1733 607 1801 antegressas
620 1732 814 1804 exposuerat,
834 1731 969 1780 auctores
981 1718 1064 1780 baud
1074 1732 1269 1780 contemnen-

180 1816 236 1878 dos
256 1839 415 1904 rerumque
433 1832 463 1882 et
484 1825 617 1883 civilium
635 1835 665 1882 et
681 1825 857 1882 militarium
872 1820 956 1881 haud
968 1823 1140 1900 irnperitos,
1162 1823 1213 1880 vel
1230 1841 1270 1881 ex

178 1917 479 2001 Zosiini'breviario,
510 1925 592 2007 quod
614 1945 654 1985 ex
672 1927 810 2004 Ermapio
831 1925 1000 1984 confectam
1021 1934 1082 1998 est,
1103 1925 1271 2002 intelligere

179 2023 269 2100 lioet3
290 2035 444 2104 praeterea
466 2028 626 2087 nonnullae
648 2047 713 2103 res,
734 2037 770 2086 ut
787 2029 837 2088 vel
851 2029 960 2106 ipsein
975 2029 1053 2087 Vitis
1064 2023 1272 2105 Sopbistsnm

180 2126 305 2188 innume
318 2127 450 2206 videtur,
473 2149 491 2190 a
505 2128 692 2210 pbilosophis
706 2131 841 2189 Maximo
856 2140 886 2188 et
896 2132 1014 2205 Prisco,
1036 2131 1089 2209 qui
1100 2139 1135 2187 ut
1148 2147 1272 2208 praece·

181 2240 282 2308 ptores
295 2230 406 2289 Iuliani
418 2250 536 2290 summa
552 2234 615 2292 eius
631 2233 834 2292 familiaritate
850 2234 913 2308 usi,
933 2233 1056 2311 eiusque
1069 2229 1274 2309 expeditioni·

182 2330 239 2402 bus
260 2332 482 2394 masuetudinis
502 2331 659 2394 habendae
680 2354 770 2394 causa
782 2335 822 2394 ab
836 2354 872 2393 eo
884 2332 967 2392 ducti
978 2332 1189 2407 interfuerant,
1210 2343 1274 2394 tra·

185 2432 247 2494 dita
266 2447 430 2515 acceperat.
481 2433 590 2517 quodsi
609 2439 739 2516 Etmspii
759 2456 822 2496 non
843 2434 951 2496 eadem
969 2432 1046 2494 fides
1066 2444 1097 2492 et
1116 2435 1276 2494 auctoritas

184 2537 243 2595 fuit
263 2557 341 2617 quaa
361 2537 494 2617 Dexippi
513 2547 543 2597 et
562 2537 787 2620 olympiodori,
807 2539 923 2598 Zosirm
945 2539 1037 2596 etiam
1058 2534 1204 2596 haelenae
1221 2552 1276 2613 pro

181 2637 357 2700 diversitate
375 2640 520 2716 fontium,
542 2639 622 2699 unde
638 2639 753 2716 hausit,
774 2659 837 2700 non
849 2659 909 2698 una
923 2639 1089 2719 eademque
1105 2640 1163 2696 erit
1172 2646 1278 2694 αιιοω-

185 2740 274 2819 ritas,
299 2744 468 2824 Poteritque
483 2741 521 2802 de
536 2761 571 2800 ea
584 2741 730 2801 iudicimn
744 2743 809 2800 lieri
819 2743 958 2821 inprimis
968 2743 1001 2798 in
1012 2742 1083 2798 libri
1094 2740 1185 2818 prinei
1199 2755 1277 2817 qua·
1293 2758 1320 2810 p.
1339 2757 1396 2793 xxx

188 2840 325 2922 draginta
338 2843 483 2922 capitibus
495 2843 654 2921 prioribus,
674 2842 745 2904 inde
758 2842 799 2901 ad
809 2844 880 2900 libri
893 2843 990 2921 quinti
1000 2850 1090 2919 caput
1101 2841 1280 2898 vicesimum

186 2947 250 3005 fers
271 2955 409 3021 sextum,
432 2955 463 3005 ct
483 2945 517 3004 in
541 2955 692 3023 postrema
717 2954 801 3024 parte
824 2941 976 3004 ffimariaa
1017 2944 1052 3002 in
1075 2941 1173 3021 priora
1196 2940 1278 2997 euim

186 3048 272 3123 loco,
293 3044 376 3129 quod
389 3048 462 3106 satis
477 3056 609 3122 constat,
629 3048 769 3107 Zosimus
785 3057 904 3107 secabis
920 3055 967 3104 est
979 3045 1113 3122 Dexippi
1128 3041 1279 3122 synopsin

182 3149 378 3225 historicam,
409 3150 443 3208 in
472 3150 582 3226 altero,
612 3151 665 3230 qui
689 3150 838 3209 maiorem
856 3149 955 3228 operis
976 3156 1095 3226 partem
1116 3144 1278 3219 coustituit,

188 3254 320 3332 Eunapli
331 3248 516 3328 Chronicon,
533 3254 567 3310 in
580 3253 686 3312 ultinm
702 3249 909 3333 olympiodori
921 3250 1046 3310 Silvam.
1060 3244 1098 3327 *)

271 3357 323 3416 lix
339 3355 516 3434 scriptorum
530 3356 648 3434 itaque,
674 3373 748 3434 quos
759 3355 997 3428 nominavimus,
1018 3349 1191 3412 auctoritate
1203 3365 1281 3424 peu-

190 3455 242 3518 det
253 3459 369 3518 Zosimi
380 3455 466 3518 fides.
507 3457 621 3516 interea
633 3468 736 3516 tamen
746 3459 799 3515 ille
813 3461 906 3517 etiam
917 3476 972 3514 sna
983 3453 1134 3536 quaedam
1145 3451 1281 3510 ramnes

189 3557 287 3620 videri
305 3557 395 3618 debet
413 3559 531 3640 sibique
546 3563 676 3638 proprie.
719 3559 879 3618 nonenim
896 3579 913 3614 e
928 3576 1038 3636 genere
1051 3559 1282 3636 epitomatorum

190 3671 221 3722 et
240 3653 442 3724 breviaturum
463 3658 619 3721 habendus
642 3671 700 3738 est,
723 3665 790 3742 qui,
812 3660 914 3720 servili
934 3679 1024 3740 opera
1044 3657 1235 3737 scriptoribus
1248 3657 1282 3712 in

191 3762 404 3844 compendium
414 3762 505 3824 modo
517 3761 688 3842 redigendis
701 3762 834 3840 addicta,
853 3780 953 3843 neque
965 3759 1057 3822 fidem
1069 3778 1173 3820 eornm
1182 3776 1282 3836 neque

191 3867 318 3946 vestigia
339 3867 521 3947 relinquunt.
564 3876 688 3947 occupat
708 3868 796 3948 quasi
815 3865 951 3925 medium
969 3867 1218 3941 interutrumque
1231 3855 1283 3914 hi-

191 3971 378 4044 storicorum,
399 3968 453 4048 qui
464 3971 583 4048 proprie
596 3989 632 4030 eo
646 3973 769 4030 nomine
781 3971 979 4049 appellantur,
1001 3976 1032 4026 et
1044 3963 1283 4023 abbreviatarum

193 4089 290 4150 genus
303 4071 405 4132 locum
416 4073 570 4148 Zositnus,
592 4081 626 4130 ut
639 4091 701 4130 nou
713 4068 804 4132 modo
817 4091 907 4132 suum
919 4070 1079 4130 consilium
1092 4076 1123 4125 et
1132 4064 1285 4145 propriam

193 4217 403 4236 m

263 4293 296 4364 *)
322 4285 1005 4364 ΟορίοήυᾱοοιτοεςίἰιιΒῦΜΡὴίὶοὶος.ι2
1028 4287 1096 4344 stac
1113 4282 1285 4357 amostra
