3025 4892
409 322 746 392 COMMENTARIUS
767 319 1035 394 HJSTORJCUS.
1201 327 1274 397 359

169 487 316 550 cedebant
327 489 445 565 locum,
467 493 521 573 qui
533 511 595 552 non
607 493 688 552 binis
702 489 794 551 modo
808 491 977 572 legionibus
993 489 1047 552 sed
1060 488 1198 570 pluribus
1213 493 1274 552 1111·-

168 587 308 655 perarent
330 574 490 656 (Veget2
510 575 552 655 9)
573 589 640 637 111111
654 577 821 638 ordinando
834 581 926 636 militi
938 589 1004 636 tum
1017 577 1182 656 puniendo.
1218 579 1273 636 ab·

168 672 271 738 rogato
292 663 451 740 praefectis
472 673 568 741 praet.
591 667 719 743 imperio
740 667 880 738 militari,
910 673 1042 744 potestus
1062 667 1273 740 magistrorum

168 749 301 804 militum
322 757 409 806 aucta
432 758 493 822 est,
516 759 547 806 et
569 751 625 807 sub
647 749 820 809 Theodosio
839 753 930 808 creati
947 759 1016 808 sunt
1032 766 1158 806 numero
1176 752 1271 830 quini,

169 830 252 911 quod
267 833 400 892 barbaris
415 832 548 914 undique
563 836 744 894 irruentibus
757 833 840 894 haud
856 855 962 916 parem
977 855 1009 894 se
1027 836 1189 914 imperator
1206 855 1271 894 esse

167 915 299 978 videbat.
344 920 383 978 ci.
400 922 493 978 Notit.
510 922 584 998 imp.
599 941 631 999 p.
649 921 708 985 tot
730 925 760 984 8.

252 1023 283 1082 p.
303 1006 363 1068 100
378 1023 408 1062 v.
428 1009 457 1067 1.
500 1006 680 1064 tributorum
703 1004 917 1065 solvendorum
938 1020 1017 1082 quae
1039 1003 1132 1062 fuerit
1154 1005 1230 1062 ratio
1252 1021 1271 1062 a

167 1088 332 1147 Iustiniana
355 1091 509 1164 instituta,
538 1094 658 1150 eumin
683 1093 810 1150 Novella
836 1093 896 1156 128
920 1089 1088 1168 expositam
1112 1087 1271 1148 habemus.
1310 1153 1314 1162 ¹

166 1175 374 1253 postulabatur
394 1194 411 1232 a
431 1179 592 1254 provinciis
612 1179 737 1256 singulis
760 1195 893 1235 annuum
913 1177 1074 1248 tributum,
1097 1194 1156 1255 quo
1175 1176 1272 1231 conti-

165 1260 294 1317 nebatur
312 1271 431 1338 praeter
445 1261 527 1320 foeni
541 1264 732 1321 collationem
745 1264 996 1343 quinquagesima
1010 1263 1117 1334 tritici,
1141 1257 1274 1340 quadra-

166 1347 282 1423 gesima
305 1341 427 1421 hordei,
450 1357 480 1406 et
498 1349 561 1406 vini
579 1347 717 1429 lardique
736 1351 894 1420 vicesirna3
917 1366 1005 1426 porro
1026 1346 1162 1424 singulae
1183 1343 1270 1403 ohla-

165 1429 274 1508 mydes
297 1432 330 1488 111
350 1434 459 1511 viginti
484 1444 536 1491 aut
553 1437 677 1512 trIginta
697 1437 819 1512 iugera,
846 1435 907 1490 nisi
925 1451 1050 1489 aureum
1068 1451 1122 1510 pro
1141 1431 1269 1509 siugulis

165 1517 299 1574 restibus
324 1515 395 1575 dare
418 1517 548 1594 vellent3
574 1518 683 1578 deiude
706 1519 819 1578 indicta
843 1535 960 1577 summa
983 1519 1059 1573 auri.
1101 1518 1135 1573 in
1159 1513 1271 1574 horum

166 1599 319 1658 redituum
343 1603 534 1680 publicorum
561 1624 687 1664 numero
716 1616 787 1664 suut
818 1607 909 1663 etiam
939 1603 1079 1680 capitatio
1110 1602 1271 1678 vectigalia

164 1689 297 1765 portoria
317 1689 443 1745 salinae.

251 1770 292 1830 ib.
303 1791 334 1830 v.
348 1771 396 1835 15.
418 1775 623 1834 Diocletianus
638 1794 812 1856 quanquam
822 1793 884 1833 non
895 1773 1011 1852 primus
1024 1769 1082 1828 luit
1096 1769 1147 1850 qui
1164 1768 1270 1826 linium

165 1854 286 1935 imperii
305 1855 448 1917 adversus
464 1859 598 1919 hostium
611 1863 795 1920 incursiones
810 1857 1002 1918 rutundorum
1019 1855 1149 1914 castellis
1166 1855 1269 1910 muni-

164 1947 336 2022 mentisque
352 1963 454 2002 ouram
464 1943 604 2021 haberet,
627 1966 695 2004 eam
708 1958 810 2004 tamen
824 1944 1026 2024 superioribus
1039 1939 1269 2018 imperatoribus

164 2029 358 2086 intentiorem
380 2027 553 2090 adhibuisse
570 2042 601 2089 et
615 2035 698 2089 omui
714 2033 819 2090 finiuin
834 2033 913 2110 parti
924 2029 1115 2108 prospexisse
1130 2023 1267 2098 videtur3

163 2111 197 2171 id
222 2113 304 2193 quod
330 2114 454 2192 suidas,
485 2118 611 2176 fortasse
630 2137 670 2176 ex
687 2120 818 2197 Euuapii
841 2119 1033 2187 auctoritate,
1062 2114 1134 2170 satis
1158 2109 1268 2169 diserte

164 2197 259 2274 dixit,
281 2216 347 2258 roc.
364 2197 499 2279 iczurtoi:
521 2201 537 2266 ὅ
556 2199 774 2281 Διοκλητιανός
794 2197 885 2284 λόγον
905 2195 1088 2278 ποιούμενος
1107 2199 1168 2258 τῶν
1189 2217 1268 2276 πρα-

163 2280 303 2365 γμάτων,
325 2279 415 2370 ᾠήθη
439 2290 504 2351 δεῖν
524 2286 576 2349 καὶ
596 2284 761 2369 δυνάμεσιν
782 2282 962 2366 1010110010,
985 2279 1113 2362 ἑκάστην
1130 2275 1268 2359 taxando

164 2363 314 2447 ὀχυρῶσαι
333 2371 385 2452 acl
405 2370 541 2453 φρούρια
559 2379 696 2456 ποιῆσαι.
740 2375 780 2434 01.
800 2374 942 2434 Eumenii
958 2373 1073 2449 Paneg.
1086 2387 1140 2448 pro
1155 2363 1267 2426 scholis

162 2453 391 2531 AugustodunI,
412 2459 468 2516 sub
483 2459 585 2515 finem.

250 2538 291 2595 ib.
310 2559 340 2596 v.
355 2543 406 2601 st.
448 2545 482 2598 in
501 2543 660 2621 propatulo
683 2551 729 2602 est
747 2543 864 2601 Zosimi
883 2541 1063 2600 sententiam
1082 2555 1162 2610 esse,
1184 2536 1267 2594 Gon·-

163 2626 328 2682 stantinum
340 2644 400 2681 oon
414 2647 518 2687 omnes
530 2630 652 2686 omnino
667 2629 768 2707 copias
780 2629 962 2699 limitaneas,
983 2621 1037 2680 sed
1047 2631 1163 2700 partem
1174 2619 1267 2680 modo

164 2725 267 2766 aarum
283 2729 301 2767 a
314 2709 462 2770 limitibus
476 2711 655 2785 abduxisse3
674 2732 766 2792 quare
779 2714 876 2790 iniqui
889 2721 958 2768 suut
971 2710 1034 2788 qui,
1049 2705 1132 2785 quod
1143 2705 1266 2763 aliunde

163 2794 238 2852 lines
260 2797 381 2874 imperii
397 2817 458 2855 non
480 2802 564 2856 omni
578 2797 728 2878 praesidio
741 2799 874 2855 militum
888 2795 982 2852 luisse
996 2789 1124 2850 nudatos
1140 2799 1265 2864 constat,

161 2881 285 2940 Zosimo
307 2881 393 2959 quasi
414 2881 525 2941 dicenti
546 2886 727 2942 contrarium
746 2881 890 2960 derogare
913 2878 1004 2937 fidem
1022 2874 1144 2934 audent.
1186 2873 1266 2932 illud

108 2993 114 3004 ¹
162 2983 235 3024 vero
261 2970 370 3024 rectius
391 2979 532 3044 monent,
561 2989 624 3028 non
647 2987 769 3027 omnem
792 2969 985 3026 Constantino
1006 2964 1139 3020 limitum
1161 2977 1264 3018 curam

163 3053 322 3126 omissam,
345 3053 399 3111 sed
419 3056 556 3133 pluribus
575 3055 612 3113 ab
633 3050 669 3114 bo
689 3056 765 3113 locis
785 3065 879 3111 castra
891 3053 988 3130 posita
1004 3049 1109 3106 fuisse.
1152 3047 1264 3104 Victor.

162 3138 248 3194 Caes.
264 3137 316 3212 41,
337 3139 463 3218 Procop.
479 3139 516 3198 de
532 3139 598 3198 aed.
613 3146 634 3205 7
655 3138 686 3203 4.
730 3141 868 3220 quamvis
882 3147 982 3194 autem
996 3135 1103 3190 finium
1113 3129 1263 3210 praesidio

161 3223 306 3281 institutis
327 3225 365 3280 iis
385 3226 539 3304 provisum
562 3229 617 3298 sit,
640 3245 702 3284 non
722 3224 791 3283 ideo
810 3225 887 3282 falsa
904 3231 974 3281 suut
991 3237 1068 3300 quae
1085 3216 1123 3274 de
1138 3219 1264 3294 copiisa

162 3307 308 3366 limitibus
338 3307 499 3390 deportatis
526 3314 665 3370 Zosimus
696 3312 831 3389 scripsit3
864 3327 956 3389 quare
975 3323 1031 3363 nec
1053 3321 1127 3382 opus
1148 3305 1205 3358 erit
1223 3299 1263 3357 ad

160 3389 339 3449 firmandam
360 3395 452 3454 fidem
475 3400 539 3456 eius
560 3415 794 3456 commemorare
814 3414 891 3475 quae
911 3413 951 3452 ex
969 3395 1129 3469 Anonymo
1150 3387 1263 3445 Valesii

163 3475 365 3554 spanhemius
388 3481 447 3562 (ad
460 3483 611 3540 Iulianum
622 3503 653 3563 p.
667 3480 729 3561 63)
752 3480 854 3556 affert,
877 3476 1008 3553 Gothos,
1031 3493 1100 3533 oum
1114 3474 1261 3531 Constan-

161 3563 244 3618 tinus
260 3559 495 3626 Thessalonioae
513 3578 605 3643 esset,
627 3587 682 3648 per
701 3567 850 3647 neglectos
872 3565 981 3623 limites
1003 3563 1135 3639 erupisse
1159 3569 1188 3615 et
1207 3575 1261 3613 va·

162 3655 239 3706 stata
257 3643 388 3708 Thracia
402 3671 438 3710 ac
454 3655 567 3713 Moesia
583 3652 710 3732 praedas
727 3673 816 3732 agere
835 3655 979 3730 coepisse.
1021 3666 1120 3726 neque
1142 3641 1175 3700 id
1197 3653 1261 3700 tam

162 3731 350 3792 constantini
371 3737 465 3815 ipsius
487 3741 601 3797 incuria
625 3758 717 3819 quam
734 3739 867 3796 militum
883 3733 1017 3795 socordia
1034 3743 1064 3790 et
1077 3732 1197 3809 ignavia
1212 3728 1261 3784 fa-

162 3817 247 3875 ctuui
265 3818 399 3895 videtur,
422 3826 492 3902 quia
511 3828 576 3904 ipse
597 3826 760 3903 imperator
774 3823 843 3901 lege
864 3823 909 3902 (l.
927 3825 942 3883 1
961 3813 1261 3879 1111110111-

161 3899 238 3982 1011)
259 3902 296 3963 iis
315 3907 479 3984 militibus,
502 3913 555 3990 qui
574 3911 749 3969 faurltatem
761 3909 895 3966 barbaris
911 3903 1150 3986 depraedationis
1166 3897 1260 3956 dede-

162 3989 241 4063 fl'ms
263 3990 405 4069 supplicii
423 3996 591 4074 periculum
611 3999 767 4055 minitatus
787 4004 842 4053 est.
886 3993 1015 4050 castellis
1032 3987 1173 4046 adversus
1190 3985 1261 4041 bar-

161 4071 303 4133 barorum
316 4079 348 4134 in
361 4075 434 4138 fines
451 4084 602 4138 Romanos
618 4083 749 4161 impetus
764 4075 953 4140 exstruendis
970 4085 1000 4135 et
1014 4071 1167 4132 firmandis
1185 4091 1260 4150 ope-

162 4177 227 4215 ram
243 4158 313 4219 dare
328 4166 426 4240 potuit
437 4168 616 4245 imperator,
639 4177 669 4225 et
687 4165 884 4226 nihilomiuus
902 4163 1056 4244 deportare
1072 4158 1142 4218 111110
1157 4159 1260 4236 copia-

162 4263 229 4300 rum
243 4257 358 4323 partem
372 4253 404 4307 in
416 4254 555 4331 regiones
567 4250 801 4312 mediterraneos
814 4264 903 4332 atque
914 4271 968 4330 per
979 4249 1067 4308 urbes
1078 4245 1260 4324 dispergere.

163 4331 263 4407 copias
278 4332 422 4396 abductas
435 4338 529 4397 fuisse
542 4338 690 4418 palatinas
707 4337 794 4398 dooet
810 4331 973 4398 ¹Godolred.
986 4337 1086 4395 Paret:
1102 4352 1128 4390 c.
1144 4329 1206 4389 Th.
1221 4325 1260 4385 da
