3025 4892
244 199 320 272 392
656 195 933 266 REl'l‘ElflilllRl

244 386 308 426 non
327 365 393 424 sina
411 361 472 422 lide
489 361 635 423 traditum
652 361 829 437 habebitur,
851 356 1016 421 dummodo
1032 360 1189 440 utrimque
1208 355 1349 416 testimo-

245 455 332 510 nium
357 448 395 507 de
421 448 547 508 dirersis
566 451 751 528 temporibus
773 449 968 526 intelligatur.
1012 443 1240 504 multitudinem
1263 443 1347 500 euim

246 537 379 595 miiitum
393 533 591 612 postmodum
609 553 794 612 magnopore
813 543 932 592 auctam
948 533 1042 592 fnisae
1058 533 1110 592 vel
1125 533 1188 610 ipae
1206 531 1346 586 &aimus

247 621 297 702 (c.
313 618 375 698 80)
397 623 522 698 exponit
536 621 767 679 accuratissime.

332 725 363 783 p-
379 708 441 768 206
460 725 489 762 v.
508 703 557 768 14.
600 703 661 763 huc
681 701 915 783 pertinetiocua
936 702 1056 760 Libanii
1078 699 1172 780 (orat.
1187 695 1227 756 ad
1239 698 1348 756 Antio-

248 787 361 848 cheuos
377 809 408 868 p.
427 789 465 851 18
481 788 530 848 ed.
547 789 707 868 norell),
724 791 757 846 iu
778 806 838 867 quo
853 788 1008 845 fortunam
1024 784 1154 844 divitum
1168 785 1242 842 olim
1256 783 1349 840 sami·

247 877 358 934 liarum
373 873 527 953 deplorat,
549 895 627 955 quae
640 879 683 932 ita
700 877 796 952 ipsius
809 883 906 932 aetate
920 875 1026 950 opibus
1042 881 1125 929 erant
1140 869 1300 928 destitutae
1315 877 1348 926 ut

250 959 289 1018 ad
303 963 461 1040 penuriam
474 963 611 1019 omnium
623 980 724 1018 rerum
738 968 962 1038 egestatemque
978 955 1115 1015 redactae
1130 965 1239 1014 ment.

335 1066 366 1124 p·
382 1049 444 1108 nm
462 1066 491 1103 v.
504 1046 537 1110 1.
579 1044 642 1104 rid.
658 1047 776 1104 comm
789 1041 828 1100 ad
842 1045 896 1107 l.7
914 1063 940 1102 c.
952 1041 1015 1102 Th.
1030 1041 1069 1100 de
1082 1060 1191 1120 pagan.
1234 1036 1351 1096 habue-

249 1139 321 1189 runt
344 1131 425 1187 euim
444 1132 573 1207 gentiles
586 1132 643 1190 sub
659 1127 835 1189 Theodosio
850 1131 936 1186 annis
949 1131 1011 1192 379
1027 1138 1057 1186 et
1070 1131 1132 1190 880
1151 1121 1250 1184 adhuc
1266 1133 1352 1201 pote-
1405 1139 1410 1146 ·

252 1227 362 1274 statem
374 1213 505 1274 adeundi
517 1217 642 1296 templa,
664 1235 743 1297 qnae
754 1212 895 1294 adempta
908 1216 946 1272 iis
958 1233 987 1272 a.
1001 1215 1076 1278 881.
1103 1210 1167 1270 rid.
1178 1211 1259 1270 infra
1270 1228 1296 1266 a.
1311 1210 1353 1272 at

251 1303 286 1358 in
301 1300 354 1357 fin.
397 1301 508 1360 Ritter.

337 1383 379 1444 ih.
398 1405 430 1441 v.
445 1389 477 1449 6.
520 1387 613 1444 etiam
634 1386 780 1464 synesius
803 1381 863 1465 (de
889 1401 981 1462 regno
1005 1401 1037 1461 p.
1058 1384 1099 1445 21
1121 1378 1229 1462 seqq.)
1252 1386 1355 1436 auctm

254 1480 318 1544 est,
340 1469 521 1549 adscriptam
532 1473 665 1530 militum
678 1473 813 1529 numeria
826 1489 844 1528 a
858 1467 1032 1528 Theodosio
1046 1467 1240 1525 barbarorum
1258 1464 1356 1521 collu-

254 1559 336 1613 viem
354 1575 435 1629 esse,
458 1558 598 1636 civesque
619 1558 786 1614 vacationis
806 1575 823 1612 a
842 1555 951 1612 militia
972 1551 1164 1611 commodum
1182 1551 1278 1630 pretio
1296 1547 1357 1607 sibi

255 1661 461 1719 comparasse3
484 1660 562 1722 quae
584 1638 710 1722 quidem
729 1641 849 1700 collatio
868 1637 977 1696 alendo
990 1639 1115 1698 barbaro
1129 1639 1235 1710 militi,
1257 1651 1357 1714 quan-

255 1723 421 1806 doquidem
445 1726 484 1784 ad
506 1726 726 1807 stipendiorum
744 1725 937 1784 necessitates
951 1744 990 1781 ue
1007 1725 1152 1802 religione
1167 1719 1291 1802 quidem
1305 1737 1358 1776 aa-
1474 1787 1475 1792 ἵ

255 1815 374 1890 orisque
393 1813 577 1890 templorum
595 1816 758 1891 imperator
778 1812 922 1892 abstinuit
949 1811 1084 1890 (Zoaim
1107 1807 1131 1871 4
1158 1805 1240 1885 ⁵9),
1274 1799 1358 1861 hlud

256 1895 410 1954 suffecisse
429 1896 558 1955 videtur.
600 1895 746 1979 quicquid
765 1907 869 1974 postea
889 1893 1028 1954 hostibus
1045 1895 1217 1974 oppositum
1233 1889 1358 1962 roboris,

254 1981 451 2040 barbarorum
478 1985 577 2060 magia
603 2002 696 2062 quam
716 1983 921 2042 Romanorum
938 1980 1005 2038 suit.
1048 1983 1081 2038 in
1106 1979 1194 2036 bellis
1215 1975 1358 2036 adversus

256 2066 427 2122 Maximum
447 2077 478 2123 et
498 2069 670 2144 Eugenium
691 2077 854 2143 tyrannos,
876 2063 1043 2124 Gothorum
1063 2065 1131 2143 plus
1145 2083 1239 2144 quam
1251 2060 1359 2137 viginti

231 2213 237 2221 ,
256 2151 343 2210 milia
364 2147 514 2230 stipendia
532 2153 669 2210 fecenmt
689 2149 873 2228 (lornandes
887 2149 925 2209 da
940 2152 1003 2209 reb.
1020 2152 1088 2210 Get.
1103 2169 1129 2208 ο.
1145 2153 1198 2213 28·
1242 2147 1280 2206 cf.
1297 2148 1359 2203 zo-

259 2239 329 2296 sim·
352 2236 372 2298 4
402 2236 443 2298 15
466 2246 496 2293 et
518 2235 598 2316 57);
630 2239 749 2314 cpolim
772 2239 879 2314 ingens
902 2236 1096 2296 barbarorum
1118 2231 1281 2294 multitudo
1303 2229 1359 2288 de·
1425 2275 1430 2288 .

260 2319 350 2378 ducta
371 2319 545 2398 (Themist.
565 2342 608 2381 or.
630 2320 710 2400 18),
738 2331 768 2378 et
789 2323 962 2380 Pannoniae
985 2322 1090 2395 urbes,
1112 2315 1359 2398 populaticm'bttt

260 2405 442 2465 iamdndrtm
468 2417 644 2476 evocantur,
665 2427 686 2463 α
703 2406 904 2466 rulitantibua
915 2405 972 2464 aab
993 2405 1155 2468 Theodosio
1170 2403 1289 2484 Scythis
1300 2405 1359 2462 m-

258 2489 360 2571 pietae
373 2501 444 2547 sunt
465 2491 584 2570 (Pacat.
599 2494 713 2570 Paneg.
728 2512 754 2550 c.
770 2491 844 2570 32).

345 2595 377 2654 Ρ.
392 2577 455 2637 209
471 2595 502 2634 v.
516 2579 569 2640 10.
611 2580 643 2636 in
662 2577 843 2656 explicando
866 2597 902 2636 ec
924 2577 1006 2636 bello
1024 2594 1084 2657 quc
1099 2575 1218 2634 barbari
1233 2593 1288 2652 par
1301 2581 1360 2630 tres

262 2679 358 2722 annos
374 2663 543 2738 provincias
556 2661 730 2742 populando
746 2665 897 2721 Romanas
914 2672 1079 2736 vexarunt,
1100 2663 1241 2720 Zosimus
1258 2659 1361 2736 copiu-

261 2767 315 2806 sua
330 2744 471 2826 quidem,
492 2745 548 2806 sed
559 2767 623 2806 non
634 2751 708 2808 satia
721 2745 851 2826 diligens
865 2748 939 2820 fuit3
962 2749 1073 2827 quippe
1085 2753 1232 2824 tempora,
1254 2744 1361 2824 qnibna
1475 2803 1476 2806 ,

263 2831 418 2912 quaelibet
436 2849 484 2890 rea
505 2843 590 2910 gertr
608 2837 664 2908 sit,
686 2843 790 2892 notare
808 2843 838 2891 et
854 2835 1038 2894 incursiones
1055 2851 1109 2892 auo
1126 2829 1230 2890 ordine
1245 2847 1362 2888 memo-

263 2937 331 2975 rare
354 2917 501 2994 neglexit.
543 2915 615 2976 inde
634 2918 749 2976 factum
768 2929 813 2976 est
825 2928 859 2976 ut
873 2938 914 2976 ex
927 2921 1011 2978 amul
1023 2920 1193 2976 narratione
1207 2919 1273 2975 eiua
1286 2912 1361 2974 nihil

215 3076 219 3083 η
264 3001 397 3079 amplius
410 3000 527 3083 liquido
542 3013 667 3078 conatet,
690 3022 782 3084 quam
795 3001 877 3083 qnod
889 3001 1090 3078 Theodosius,
1112 3012 1275 3080 antequam
1287 3001 1362 3059 Gra·

264 3088 341 3146 tiaui
364 3089 479 3147 ataxilio
504 3085 623 3164 adiutus
643 3099 737 3164 esset,
756 3086 849 3147 modo
870 3085 1076 3152 victcrmodo
1095 3089 1192 3147 rictus
1212 3087 1287 3160 tuit,
1307 3105 1361 3164 ope

265 3191 337 3230 vero
359 3173 493 3231 Gratiani
512 3173 655 3234 barbaros
676 3175 760 3234 fusos
782 3174 1048 3258 uuihuexput15
1072 3173 1181 3255 quibus
1200 3172 1291 3231 rebus
1308 3189 1363 3230 nea

266 3258 359 3316 ceteri
370 3257 560 3336 refragantur
571 3261 741 3338 scriptores.
1217 3315 1222 3320 .

351 3361 383 3419 p·
399 3345 461 3406 210
476 3363 505 3402 r.
522 3340 554 3406 t.
596 3347 661 3403 aina
675 3343 827 3424 praesidio
845 3355 875 3404 et
889 3345 983 3404 tutela
998 3343 1104 3402 urbem
1117 3337 1364 3400 Thessalonicam

268 3435 300 3486 et
313 3428 468 3503 regionem
482 3430 741 3488 circumlucentem
754 3431 849 3492 fuisse
862 3431 1039 3492 Arubroaiua
1053 3438 1179 3490 testatur
1192 3446 1241 3506 ep.
1254 3429 1306 3490 22

354 3509 396 3568 ib.
413 3531 443 3570 v.
455 3513 508 3578 24.
551 3515 708 3594 θρίαμβον
722 3515 858 3578 ἐκτελῶν.
900 3513 975 3573 haec
990 3517 1047 3574 etsi
1062 3511 1227 3586 invidiose,
1249 3521 1284 3570 ut
1299 3510 1368 3591 qni·

267 3591 399 3656 busdam
412 3598 521 3674 vuum,
540 3599 572 3658 iu
588 3601 800 3678 imperatorem
814 3599 1016 3660 Christianum
1031 3599 1110 3659 dicta
1123 3617 1185 3658 non
1200 3600 1271 3670 sint,
1290 3604 1367 3654 certe

268 3689 373 3738 tamen
395 3699 465 3739 erun
483 3694 655 3762 temporum
676 3689 792 3745 ratione
810 3681 893 3744 haud
910 3688 1121 3744 convenienter
1135 3685 1274 3762 exposita
1288 3689 1367 3742 suut.

270 3766 310 3824 ab
325 3767 393 3822 alila
408 3769 490 3824 enim
512 3769 526 3848 (
533 3766 714 3849 Philoctorg·
732 3775 752 3835 9
777 3768 838 3849 19)
858 3773 1022 3830 memoriae
1042 3768 1195 3850 proditum
1214 3778 1277 3842 est,
1297 3785 1368 3846 pro-

271 3851 373 3995 ἔξω
394 3852 574 3930 imbelle,
596 3852 635 3914 de
655 3856 789 3918 hubam
811 3855 852 3920 ad
871 3857 1018 3920 &unum
1030 3857 1183 3956 'superatis
1199 3849 1368 3934 uiumphs

354 3955 467 4098 its-⁸311
481 4026 558 4092 νά.
600 4025 798 4088 wamiam
813 4022 847 4089 di
858 4027 903 4110 api
914 4029 970 4108 τῆς
983 4017 1096 4098 radim
1111 4023 1232 4104 μεγέθει
1247 4017 1305 4102 τὴν
1315 4021 1370 4098 τῆς

271 4107 393 4183 τροφῆς
407 4099 564 4187 ἆμετρίαν,
587 4105 621 4166 h.
636 4131 664 4168 e.
680 4121 764 4169 tanto
778 4113 892 4170 maiore
908 4111 984 4170 luxu
1001 4132 1083 4170 mane
1095 4131 1182 4182 turre,
1203 4129 1263 4188 quc
1277 4106 1371 4166 maior

272 4200 350 4263 ,met
368 4188 455 4268 urbe,
475 4193 509 4254 io
529 4213 624 4276 quam
641 4215 673 4255 ae
693 4196 870 4260 coraderat:
892 4217 934 4261 aa.
952 4217 1023 4260 curu
1035 4200 1068 4260 iu
1083 4198 1195 4278 exigua
1211 4193 1285 4256 urba
1302 4190 1370 4252 exi-
