3025 4892
460 236 465 245 ·
511 206 619 324 'tm
644 226 665 294 4
692 228 780 317 oar.
804 233 858 297 ss.
879 227 933 296 ιι.
1220 232 1293 305 199

187 398 267 467 eirca
286 401 319 466 di
333 399 404 477 ταδς
418 398 475 466 oris
487 398 572 489 αύτῷ
583 398 661 487 πρδς
673 404 776 467 πᾶσαν
791 400 957 493 πολεμικὴν
972 397 1140 488 ἐπιστήμην
1156 400 1293 487 άσκήσας

186 504 242 581 τάς
256 506 312 587 μέν
325 500 472 589 τειχήρεις
487 500 698 587 κατελάμβανε
716 500 838 584 πόλεις,
863 510 919 589 τῆς
938 504 1107 591 ἀσφαλείας
1130 493 1176 570 ὅτι
1195 506 1290 589 μάλι-

185 632 245 673 στα
261 613 317 671 τοῦ
332 607 538 693 στρατοπέδου
553 604 732 689 ποιούμενος
748 604 855 693 λόγον,
881 600 1016 695 ἐνέδραις
1029 609 1062 673 δέ
1075 610 1210 690 συνεχέσι
1225 620 1290 687 τοῖς

184 707 406 797 προνομεύουσι
433 714 495 774 τῶν
516 702 687 799 βαρβάρων
703 707 804 798 ἐπῄει,
829 713 880 775 καί
895 716 950 775 νῦν
964 712 1020 793 μέν
1035 717 1081 798 τῷ
1099 709 1212 795 πλήθει
1226 720 1288 779 τῶν

158 810 332 901 5λαφύραν
346 810 492 899 εῦρίσκων
505 810 734 899 βαρυνομένους
748 810 853 901 άνῄρει
859 862 871 893 ,
895 819 951 898 τῆς
965 816 1047 890 λείας
1059 810 1216 898 γενόμενος
1233 812 1289 878 κύ-

183 942 265 1003 ριος,
289 922 344 981 νῦν
360 916 393 981 δὲ
409 914 602 998 μεθύοντας,
628 913 742 995 άλλους
757 917 792 983 δέ
807 923 852 1006 τῷ
867 906 998 1005 ποταμῷ
1013 916 1197 999 λουομένους
1212 916 1286 983 ‹ini-

182 1022 305 1106 σφαζεν.
358 1016 399 1097 ὥς
416 1019 451 1084 δέ
465 1019 501 1084 'cd
516 1019 594 1085 πολύ
608 1017 855 1109 τῶνβαρβάρων
871 1030 936 1097 τοῖς
950 1016 1099 1095 τοιούτοις
1114 1019 1286 1105 στρατηγή-

179 1148 275 1205 μασιν
299 1120 469 1207 ἐδαπάνησε
490 1123 601 1210 μέρος,
627 1124 678 1189 καί
702 1122 738 1189 td
761 1120 938 1207 λειπόμενον
961 1124 1020 1190 δέει
1040 1128 1096 1187 τοῦ
1114 1130 1287 1209 στρατηγοῦ

178 1233 235 1290 τοῦ
252 1223 449 1314 προνομεύειν
465 1224 610 1309 ἀπέσχετο
619 1275 631 1307 ,
657 1224 777 1315 φθόνος
793 1228 984 1305 ἐξανίσταται
998 1224 1070 1291 κατ’
1091 1225 1187 1290 αύτοῦ
1199 1228 1286 1311 μέγι-

137 1338 171 1391 10
179 1354 262 1406 στος.
312 1320 402 1405 οὗτος
416 1332 449 1394 δέ
461 1328 554 1395 ἐτικτε
571 1339 679 1412 μίσος,
704 1332 845 1396 ἐντεῦθέν
857 1355 889 1395 τε
906 1331 1049 1411 διαβολαί
1065 1328 1141 1414 πρὸς
1156 1329 1209 1395 τδν
1222 1337 1284 1411 βα-

177 1434 263 1498 σιλέα
270 1480 281 1511 ,
304 1440 365 1498 τῶν
378 1439 435 1499 τοῦ
450 1430 553 1518 άρχειν
566 1430 800 1499 ἐκπεπτωκότων
815 1433 888 1510 τοδς
902 1434 980 1497 κατὰ
997 1432 1053 1515 τὴν
1066 1430 1163 1513 αὐλὴν
1178 1430 1283 1497 sinesi-

173 1558 252 1617 χους
267 1532 497 1623 παρορμώντων
513 1538 555 1611 είς
570 1542 671 1601 τοῦτο.
722 1534 803 1602 οὕτω
821 1536 860 1621 δὴ
876 1542 932 1601 τοῦ
944 1538 1096 1617 βασιλέως
1113 1538 1155 1611 είς
1173 1534 1283 1619 ἄλογον

175 1634 316 1721 ύποψίαν
337 1640 602 1725 παρατραπέντος,
628 1640 837 1720 Σεβαστιανδς
857 1640 914 1721 μέν
935 1635 1046 1721 ἐδήλου
1073 1636 1152 1701 κατά
1174 1635 1282 1723 χάραν

176 1742 275 1821 μένειν
293 1746 338 1827 τῷ
358 1746 484 1822 βασιλεῖ
505 1743 555 1806 καὶ
578 1740 623 1824 μὴ
645 1743 813 1829 περαιτέρω
830 1742 1020 1828 προβαίνειν·
1048 1739 1119 1805 οὐδὲ
1133 1739 1192 1827 γάρ
1207 1737 1282 1805 εἶναι

134 1853 168 1907 15
177 1842 290 1935 ῥᾷστον
308 1842 421 1927 πλήθει
437 1842 573 1930 τοσούτῳ
589 1841 722 1929 πόλεμον
735 1846 768 1909 ἐκ
782 1851 838 1910 τοῦ
849 1849 1028 1931 προφανοῦς
1044 1840 1164 1929 ἐπάγειν
1169 1892 1180 1923 ,
1207 1840 1279 1907 ἀλλ’

175 1949 208 2012 ἐκ
233 1949 420 2033 περιδρομῆς
443 1950 494 2011 καί
514 1949 683 2033 λαθραίοις
702 1950 856 2014 ἐπιθέσεσι
874 1950 988 2035 τρίβειν
1003 1946 1057 2012 τὸν
1068 1944 1199 2033 χρόνον,
1223 1946 1281 2024 έως

175 2048 213 2115 δν
227 2048 333 2115 σπάνει
348 2056 409 2115 τῶν
424 2052 598 2133 ἐπιτηδείων
616 2050 791 2129 ἀπειπόντες
807 2051 829 2137 ἢ
847 2054 1013 2138 παραδοῖεν
1029 2047 1157 2127 αύτούς,
1182 2048 1203 2133 ἢ
1218 2055 1280 2114 τῶν

171 2150 232 2217 ind
246 2152 416 2237 Ῥωμαίους
425 2156 549 2239 χωρίων
564 2152 793 2243 άναχωρήσαιεν
800 2204 811 2235 ,
837 2165 901 2230 τοῖς
916 2152 1045 2229 θύννοις
1059 2149 1228 2228 ἐκδιδόντες
1242 2151 1278 2217 td
1327 2198 1332 2209 -

174 2256 253 2321 καθ’
278 2254 406 2333 ἐαυτούς
427 2262 546 2338 μᾶλλον
565 2255 587 2341 ἢ
607 2268 671 2334 τοῖς
691 2260 724 2323 ἐκ
744 2264 801 2323 τοῦ
821 2264 913 2339 λιμοῦ
933 2258 1112 2339 συμβαίνειν
1133 2252 1278 2321 εἰωθόσιν

130 2358 379 2445 ἐθοίκτροτάτοις
392 2360 542 2447 ὀλέθροις.
595 2356 688 2446 (24)
713 2361 783 2427 ἀλλ’
801 2362 912 2425 ἐκείνου
930 2366 1028 2425 ταῦτα
1044 2364 1276 2446 παραινοῦντος,
1293 2378 1319 2418 ι.
1333 2362 1386 2418 878

172 2463 201 2527 oi
222 2463 368 2530 τάναντία
386 2461 605 2553 σπουδάζοντες
622 2466 729 2549 ἐξιέναι
743 2440 862 2547 μάλλον
874 2462 927 2528 τὸν
941 2462 1071 2547 βασιλέα
1087 2468 1278 2553 πανστρατιᾷ

170 2564 363 2653 παρεκάλουν
386 2566 434 2629 int
458 2566 511 2630 τδν
535 2562 668 2649 πόλεμον
691 2563 734 2643 ὡς
752 2566 813 2649 ἤδη
833 2572 895 2632 τῶν
911 2562 1082 2651 βαρβάρων
1102 2562 1145 2641 ὥς
1161 2566 1273 2628 ἐπίπαν

170 2668 374 2737 ἀπολωλότων
404 2669 455 2732 καλ
485 2666 601 2735 άκονιτὶ
631 2674 689 2734 τοῦ
709 2668 862 2753 βασιλέως
885 2674 925 2755 τῇ
945 2670 1012 2757 νίκῃ
1035 2668 1272 2755 παρισταμένου.

239 2850 272 2904 18
287 2842 429 2917 Ῥωμαίων
444 2846 477 2903 la
584 2846 618 2905 19
634 2841 759 2917 πολέμου
774 2844 807 2902 L.

168 3002 200 3056 lis
219 3018 278 3055 esse
294 3001 436 3057 rideretur.
470 3002 518 3054 boo
536 3000 611 3053 modo
628 3000 681 3055 suis
693 3002 726 3055 ad
738 3018 837 3055 omnem
853 3000 1012 3073 disciplinam
1021 3000 1139 3055 bellicam
1150 2997 1270 3054 exercitis

167 3071 193 3124 in
206 3071 300 3141 oppida
311 3072 442 3124 moenibus
453 3072 537 3123 cincta
548 3086 576 3122 se
588 3070 694 3141 recipit,
711 3072 766 3123 eius
777 3072 892 3141 inprimis
903 3074 1002 3125 ratione
1012 3071 1116 3136 habita,
1135 3076 1165 3121 ut
1174 3070 1200 3121 in
1212 3078 1272 3121 tato

168 3148 236 3193 esset
249 3139 384 3195 exercitus.
426 3140 500 3193 simul
512 3140 637 3192 continuis
648 3140 746 3192 insidiis
756 3139 882 3194 barbaros
894 3140 1042 3209 pabulatum
1054 3153 1171 3221 egressos
1181 3137 1270 3190 adori-

166 3216 224 3277 tur,
242 3212 358 3263 eomodo
371 3209 445 3279 copia
457 3210 594 3278 spoliorum
606 3216 710 3261 onustos
721 3208 865 3277 inveniens,
882 3208 981 3278 praeda
996 3226 1066 3260 suam
1076 3224 1103 3259 m
1116 3214 1269 3279 potestatem

166 3278 271 3331 redacta
282 3279 409 3344 trucidat,
427 3278 501 3331 modo
512 3278 678 3345 temulentos,
697 3278 818 3347 quosdam
830 3287 855 3330 et
866 3278 982 3331 lavantes
992 3278 1018 3329 in
1030 3276 1145 3343 flumine,
1161 3274 1268 3343 iugulat

168 3360 223 3396 cum
237 3364 352 3413 magnam
363 3346 530 3413 barbarorum
542 3356 640 3416 partam
652 3346 794 3400 huiusmodi
805 3346 993 3415 stratagematis
1004 3345 1159 3413 delevisset,
1176 3361 1208 3397 ac
1223 3362 1268 3396 re-

167 3412 231 3483 liqui
242 3426 310 3466 mctu
323 3416 395 3467 ducis
406 3433 422 3469 a
432 3417 576 3487 pabulando
588 3434 617 3470 se
629 3415 803 3481 continerent,
821 3418 928 3468 maxima
939 3416 1064 3484 quaedam
1075 3415 1197 3467 adversus
1209 3428 1267 3467 eum

165 3480 262 3535 invidia
274 3492 332 3536 nata
344 3490 392 3536 est.
428 3502 459 3538 aa
470 3502 533 3537 vero
546 3486 646 3556 peperit
657 3485 756 3549 odium3
767 3485 840 3537 'unde
852 3484 1040 3538 criminationes
1052 3500 1115 3551 erga
1126 3482 1266 3553 principem

166 3551 328 3617 oriebantur,
354 3554 386 3606 ab
398 3554 430 3606 iis
442 3556 572 3623 proiectae
583 3554 678 3625 quibus
688 3563 761 3607 crant
772 3556 837 3605 abro
855 3561 898 3605 ata
908 3554 1029 3623 imperia,
1058 3553 1153 3622 quique
1169 3551 1266 3621 spado·

165 3637 211 3673 nes
223 3620 317 3673 aulicos
330 3620 362 3673 ad
376 3622 423 3673 boc
434 3623 579 3676 incitabant.
616 3640 672 3676 cum
689 3624 738 3675 boc
756 3572 982 3705 modoimnerator
991 3624 1023 3675 ad
1036 3622 1170 3674 absurdam
1180 3620 1266 3688 suspi-

165 3690 263 3743 cionem
275 3690 390 3758 improbe
401 3690 493 3744 inisset
503 3692 636 3763 impulsus,
655 3692 823 3745 Sebastianus
835 3692 860 3744 ei
870 3693 999 3760 significat
1008 3699 1039 3744 ut
1049 3707 1096 3744 suo
1107 3690 1164 3742 ioco
1178 3706 1266 3741 πισσο-

164 3766 206 3811 ret
220 3776 268 3810 nec
282 3758 389 3811 ulterius
402 3762 610 3829 progredereturt
629 3778 679 3813 non
697 3760 763 3813 enim
774 3761 799 3813 in
811 3761 919 3832 proclivi
930 3776 988 3812 esse
997 3767 1071 3812 tanta
1082 3776 1138 3811 cum
1151 3758 1266 3810 matara-

164 3828 224 3880 dine
235 3834 324 3897 aperto
336 3828 421 3881 Marte
433 3830 569 3897 congredi,
587 3830 633 3883 sed
645 3846 692 3898 per
703 3830 824 3883 circuitus
836 3838 863 3883 et
874 3828 1038 3883 clandestinis
1058 3826 1266 3895 aggressionibus

163 3898 291 3967 tantisper
305 3897 486 3951 extrahendum
500 3916 557 3951 esse
570 3905 687 3968 tempus,
705 3898 788 3952 donec
805 3899 891 3969 inopia
902 3906 1055 3950 commeatus
1065 3894 1209 3965 desperatis
1220 3912 1265 3946 re·

162 3966 212 4019 bus
232 3967 272 4019 vei
289 3984 318 4019 se
333 3966 474 4035 dederent,
490 3968 533 4020 vel
548 3984 580 4021 ex
596 3968 695 4020 dicione
706 3968 793 4041 popuii
805 3967 913 4021 Romani
925 3966 1025 4019 abirent
1034 3973 1114 4032 atquc
1123 3962 1223 4015 Hannis
1233 3979 1263 4015 se

183 4036 250 4088 otius
268 4036 444 4107 permitterent
460 4054 534 4107 quam
547 4036 691 4091 miserrimis
704 4037 833 4105 ciadibus,
851 4054 918 4105 quac
928 4038 1019 4088 famam
1031 4033 1145 4087 comitari
1156 4031 1263 4085 soleant.

162 4052 231 4173 iit)
250 4121 338 4158 verum
350 4106 414 4158 baec
424 4106 468 4159 iilo
481 4114 608 4172 monente,
626 4107 669 4175 qui
681 4106 864 4159 contrariarum
877 4105 986 4175 panium
998 4110 1072 4156 erant
1082 4102 1262 4171 imperatorem

163 4172 312 4243 hortantur,
329 4176 361 4226 ad
380 4176 472 4228 beilum
490 4175 575 4245 potius
589 4176 708 4228 universo
720 4192 777 4228 cnm
788 4176 905 4227 exercitu
919 4173 1098 4243 egrederetur,
1117 4170 1191 4241 quasi
1202 4172 1262 4222 bar·

144 4246 147 4251 '
162 4242 231 4297 baris
247 4243 295 4298 iam
313 4244 403 4299 maiori
421 4264 452 4299 ex
465 4253 541 4317 parto
552 4244 643 4299 deletis
653 4245 708 4299 siue
718 4245 808 4299 labore
821 4246 941 4317 princeps
952 4242 985 4298 ad
998 4241 1262 4298 ncanamaccessa-
