3025 4892
578 305 854 398 mthttsmu
1169 326 1264 379 nvn

172 491 408 577 sliquostudio,
429 443 1279 576 quaedrosdioetllouorieinperantlbmargareltm

172 615 280 658 manos
300 615 465 680 eorrunque
486 615 551 657 rem
566 597 720 678 pnblloam
738 607 872 660 eres-tere
881 595 1153 678 coeperamus,
1175 613 1267 654 em

173 717 240 760 rare
261 703 371 780 pergit.
412 718 449 760 es
469 701 526 761 etsi
548 701 620 761 satis
640 701 793 781 praeolare
810 711 842 761 et
946 696 1037 759 laude
1048 707 1170 778 peraeta
1184 704 1267 774 sunt,

172 800 207 862 ld
224 811 324 862 tarueu
338 800 569 885 reprehensione
580 799 665 864 baad
678 813 774 880 earet,
794 801 878 886 qnod
888 803 1028 862 Zosimus
1040 801 1121 860 ultra
1132 802 1269 880 impera-

172 904 247 966 tous
266 906 400 984 primum
420 907 464 964 rei
483 905 623 987 publiano
642 906 776 986 impositi
790 902 927 986 tempora
939 914 1019 964 retro
1034 904 1218 984 exspatiatus
1229 917 1269 961 ea
1329 981 1333 984 ῃ

173 1021 294 1087 qnoque
312 1009 433 1086 attlnglt
453 1025 531 1090 quae
552 1009 651 1088 gentis
668 1007 744 1068 adeo
763 1009 918 1067 Romanae
940 1007 1071 1086 origines
1097 1013 1269 1064 anteverte-

172 1117 259 1184 runt,
281 1107 424 1191 quodque
434 1111 572 1191 ,exponit
584 1129 661 1192 quae
676 1108 758 1191 apud
771 1113 879 1171 Perses
894 1111 1022 1170 Graecos
1043 1117 1074 1168 et
1087 1105 1269 1168 Macedones

172 1211 356 1291 prinoipetm
367 1211 587 1274 vioisaitudines
598 1215 722 1275 fuerim.
763 1231 824 1295 qua
836 1215 870 1272 in
882 1233 926 1288 re,
948 1213 1005 1272 etsi
1015 1209 1056 1270 ad
1066 1211 1268 1270 imitationem

171 1313 292 1398 Polybii
312 1336 348 1376 es
368 1335 387 1374 a
407 1317 528 1376 zosimo
549 1313 724 1375 adumbrata
747 1325 832 1392 sunt,
851 1313 998 1375 ladioium
1016 1325 1119 1374 tamen
1133 1309 1268 1371 bominis

172 1411 343 1477 desideres:
363 1433 436 1482 uam
454 1418 553 1476 aliena
572 1429 655 1478 erent
673 1420 711 1478 ab
725 1419 879 1494 instituto,
900 1415 982 1499 quod
995 1415 1035 1476 ad
1049 1435 1152 1476 oasam
1163 1424 1194 1472 et
1208 1429 1268 1471 ex·

171 1514 286 1577 aldium
306 1520 427 1599 imperii
447 1521 576 1581 Romani
599 1520 762 1602 speetabat.
804 1517 887 1602 quod
906 1531 1008 1580 eutem
1025 1520 1124 1597 magis
1142 1514 1184 1575 ad
1202 1531 1269 1573 rem

170 1619 319 1696 faciebat,
345 1633 380 1681 ut
402 1620 659 1702 quemadmodum
680 1621 826 1702 Polybius
847 1624 1117 1694 incrementorum,
1137 1621 1180 1678 lta
1199 1619 1268 1696 ipse

171 1741 298 1783 ooeasus
317 1743 419 1782 rerum
439 1725 692 1804 eomparatiouem
707 1723 893 1799 institueret,
916 1720 965 1798 id,
987 1723 1124 1804 quamvis
1142 1737 1266 1779 monere
1281 1729 1311 1786 tt·
1328 1727 1380 1768 m

172 1843 246 1886 etun
259 1828 427 1904 argumenti
440 1827 516 1886 ratio
530 1829 692 1906 potuisset,
716 1843 778 1883 non
793 1823 1037 1884 animadvertisse
1052 1821 1183 1882 ridetur.

257 1927 360 1987 Aliam
367 1971 377 2005 ,
402 1938 434 1987 et
450 1948 518 1990 eam
530 1927 653 2011 quidem
666 1927 853 2002 omissionis,
874 1927 995 2006 eulpam
1008 1927 1167 1985 sustineret
1178 1924 1269 1984 Zosi-

171 2045 259 2105 mus,
283 2031 328 2106 ei,
350 2037 384 2090 ut
398 2029 491 2109 vulgo
503 2041 643 2110 putatur,
664 2029 807 2090 historiae
820 2047 893 2088 suae
906 2049 943 2088 eo
957 2049 1017 2110 qno
1030 2047 1111 2088 nuno
1124 2047 1193 2087 eam
1205 2037 1271 2087 ter·

171 2131 321 2192 minatam
335 2131 473 2194 videmus
489 2151 568 2194 anno
581 2133 674 2192 hem
686 2131 892 2210 imposuisset,
914 2141 945 2190 et
960 2151 1038 2212 quae
1054 2133 1214 2214 praeeipue
1231 2129 1269 2188 ab

172 2252 212 2293 eo
235 2243 321 2294 erant
341 2232 566 2313 pertractandae
585 2237 785 2315 posteriorum
798 2243 969 2314 temporum
980 2252 1045 2309 res,
1066 2253 1128 2294 nou
1143 2230 1270 2293 adverse

171 2333 277 2416 aliquo
290 2335 353 2396 fato
367 2337 404 2397 ab
418 2357 508 2418 opere
519 2339 654 2398 instituto
668 2335 820 2418 depulsus,
834 2334 889 2395 sed
902 2337 1038 2396 consulto
1052 2347 1083 2395 et
1095 2355 1150 2395 sua
1163 2343 1270 2415 sponte

173 2439 334 2499 omisisset.
375 2457 481 2500 rerum
502 2451 536 2500 ut
555 2441 588 2500 ln
603 2442 696 2500 aliam
711 2440 854 2499 abeamus
868 2443 1048 2500 seutentiam
1062 2447 1093 2498 et
1103 2447 1271 2498 statuamus

172 2547 228 2597 aut
246 2541 403 2600 Zosimum
422 2561 477 2602 seu
493 2554 591 2604 morte
605 2563 659 2604 seu
675 2543 735 2602 alia
749 2561 810 2624 qus
823 2545 942 2604 sinistra
955 2543 1077 2602 fortuna
1089 2539 1271 2621 impeditum

173 2636 269 2698 fuisse
291 2659 351 2720 quo
372 2645 475 2704 miuus
497 2643 653 2706 historiam
673 2647 751 2706 ultra
765 2664 879 2706 anuum
891 2645 954 2710 410
969 2643 1169 2705 oontinuando
1184 2645 1271 2702 exai-

175 2735 260 2800 dium
270 2741 391 2824 imperii
401 2747 526 2828 eiusque
535 2765 639 2807 oausas
655 2749 837 2826 explicaret,
858 2758 912 2806 aut
921 2757 1039 2826 partem
1049 2747 1148 2826 operis
1160 2744 1198 2803 ab
1212 2763 1270 2802 eu-

174 2851 256 2902 otore
272 2841 417 2910 adfinem
431 2847 569 2928 perduoti
580 2850 724 2928 temporis
738 2850 848 2910 iulurla
862 2830 1064 2923 intercidisse,
1084 2846 1119 2907 ld
1132 2847 1270 2927 pluribus

172 2947 407 3028 mrtisaimisque
429 2951 594 3011 rationibus
614 2969 785 3012 monemur.
827 2963 929 3031 aperte
952 2949 1109 3030 profitetur
1129 2951 1269 3009 Zosimus

175 3065 265 3107 snum
283 3051 443 3114 eonsilium
458 3049 643 3133 perducendi
654 3050 812 3114 historiam
825 3051 865 3112 ed
876 3071 964 3114 suam
975 3061 1120 3127 sautem,
1133 3049 1148 3080 ⁸
1154 3051 1168 3131 )
1191 3071 1269 3132 quae

174 3149 215 3208 ab
235 3169 315 3210 anuo
333 3154 367 3214 in
387 3173 446 3236 quo
464 3153 588 3216 historia
602 3157 666 3215 eius
676 3175 759 3214 nuno
774 3155 909 3216 subsistit
922 3156 992 3236 plus
1005 3155 1100 3213 ferme
1113 3173 1205 3234 quam
1219 3175 1270 3214 se·

174 3255 300 3332 xagiuta
313 3272 460 3318 annorum
472 3259 569 3338 spatio
584 3257 684 3320 distat.
725 3278 814 3339 porro
833 3255 1042 3318 desiderantur
1060 3277 1167 3318 oausee
1186 3259 1270 3317 oola·

174 3356 316 3418 mltaturu
337 3359 447 3438 quibus
472 3359 655 3440 urgebantur
675 3361 822 3438 Romani,
846 3363 1011 3421 etoraonla
1025 3360 1136 3442 quibus
1148 3381 1271 3422 omasus
1383 3391 1387 3397 ·

174 3455 296 3536 imperii
310 3458 497 3540 praediatus,
523 3481 696 3544 quanquam
708 3465 741 3524 iu
755 3464 815 3524 hue
832 3462 975 3526 historiae
989 3474 1147 3544 utramque
1161 3483 1225 3524 rem
1236 3485 1270 3524 se

174 3557 282 3622 afferre
307 3571 337 3620 et
360 3560 467 3625 dooere
484 3566 563 3628 velle
579 3567 731 3648 pollicitus
748 3578 805 3627 est.
818 3561 867 3648 “)
910 3567 983 3626 satis
1004 3567 1154 3625 rationum
1172 3577 1218 3626 est
1234 3565 1274 3624 ad

173 3661 408 3743 intelligendum
417 3668 563 3728 ieoturam
575 3671 732 3730 Zosimum
744 3672 779 3728 in
788 3671 949 3750 postremis
959 3668 1045 3728 libris
1055 3669 1172 3744 leuben,
1189 3671 1273 3729 ouius

174 3763 272 3844 ipsius
284 3767 329 3825 rei
339 3769 465 3848 vestigia
478 3767 576 3830 adbuc
588 3773 621 3834 iu
631 3771 738 3832 mutila
748 3769 873 3854 periodo
885 3773 992 3832 ultima
1005 3781 1136 3831 exstant.
1163 3791 1272 3852 quam-

175 3867 282 3926 obrem
304 3871 362 3928 etsi
380 3873 575 3934 manifestam
590 3876 629 3934 sit
643 3877 809 3954 Euagrinm
826 3885 857 3934 et
871 3872 1015 3934 Photiam
1029 3893 1090 3934 non
1103 3875 1272 3952 pleniorem

175 3969 292 4030 Zosinfi
306 3967 463 4034 historiam
476 3995 568 4058 quam
581 3995 637 4036 uos
649 3973 810 4055 habuisse,
830 3997 891 4038 non
909 3974 988 4035 illud
998 3979 1031 4034 in
1046 3977 1136 4034 uliam
1149 3984 1271 4034 senteu-

176 4074 251 4132 tiam
271 4072 423 4140 sdduoere
443 4097 498 4141 uos
519 4089 634 4162 potesta
655 4078 734 4142 illud
753 4078 847 4143 modo
870 4077 943 4141 'sude
962 4078 1157 4159 intelligitur,
1182 4079 1273 4140 utem

244 4293 373 4365 qtae
539 4297 678 4369 ⁸osee,
711 4285 847 4357 taa'
