3025 4892
244 313 317 387 164
446 310 449 315 ’
658 250 871 380 ’ποεοο

240 513 345 576 μαραν
369 478 486 571 ἦλθον,
512 484 589 551 ’ένθα
609 484 793 568 μεταμέλεια
810 478 929 561 πάντας
945 484 1069 566 εέσήλθε
1085 484 1142 565 τῆς
1156 485 1218 545 τῶν
1233 480 1349 547 πλοίων

242 589 433 679 ἐμπρήσεως·
456 588 496 656 τά
510 616 542 656 τε
557 588 617 677 γάρ
632 584 780 675 δποζάγια
796 586 874 675 πρδς
885 587 943 671 τήν
956 592 1018 651 τῶν
1030 586 1205 669 ἐπιτηδείων
1218 584 1349 668 κομιδὴν

242 696 297 761 onix
326 693 465 782 ἐπήρκει,
491 690 642 776 τοσαύτην
666 689 738 760 δδδν
760 693 812 756 καὶ
830 697 934 756 πᾶσαν
953 689 1005 755 διά
1023 690 1171 773 πολεμίας
1188 694 1348 754 ταλαιπω-

241 796 393 885 ροόμενα,
419 800 471 863 καὶ
493 798 522 863 οἱ
544 798 665 883 Πέρσαι
688 795 728 861 τδ
752 792 926 881 γεννήματα
947 794 1141 879 συλλέγοντες
1158 789 1217 857 ὅσα
1236 788 1348 858 οἷοίτε

240 895 338 985 ήσαν,
373 904 425 966 καλ
450 910 514 978 τοῖς
538 894 744 987 ὀχυρωτάτοις
769 900 1033 974 ἐναποκλείσαντες
1058 894 1183 976 τόποις,
1212 901 1268 979 τῆς
1286 895 1371 960 ἀπδὸ

241 1002 357 1071 τούτων
368 1006 475 1091 χρείας
489 1003 523 1069 τδ
533 1000 703 1085 Ῥωμαϊκόν
718 1002 893 1091 ἀφῃροῦντο
910 998 1125 1088 στρατόπεδον.
1177 1000 1210 1064 έν
1225 1000 1259 1064 δέ
1273 996 1349 1065 τοδ-

241 1134 306 1184 τοις
318 1106 402 1191 ὅμως
416 1099 501 1174 οάσιν
514 1106 619 1183 αάτοῖς
633 1102 768 1193 ἐπεφάνη
783 1103 925 1192 Περσικά
936 1102 1095 1189 τάγματα,
1115 1104 1166 1168 καλ
1180 1101 1283 1187 μάχης
1296 1128 1347 1189 γε·

239 1211 365 1294 νομένης
382 1209 529 1299 ἐκράτουν
543 1214 588 1301 τῷ
601 1212 715 1275 πλείονι
724 1207 889 1292 Ῥωμαῖοι,
914 1208 1046 1285 πολλοὺς
1061 1206 1128 1290 ἅμα
1140 1212 1201 1274 τῶν
1215 1211 1349 1295 Περσῶν

238 1311 405 1391 ἀνελόντες.

345 1422 396 1503 Τῇ
419 1414 453 1481 δὲ
476 1414 554 1499 μετά
570 1418 669 1481 ταῦτα
685 1410 785 1507 ήμέρρ
802 1415 870 1501 περὶ
886 1409 1069 1499 πλήθουσαν
1083 1411 1199 1501 ἀγορὰν
1215 1412 1245 1477 οἳ
1258 1411 1346 1501 Πέρ-
1356 1421 1390 1476 10

239 1546 292 1588 σαι
317 1520 538 1603 συνταχθέντες
559 1520 602 1596 εἷς
625 1524 747 1603 πλῆθος
768 1530 832 1596 τοῖς
848 1518 992 1607 οάραηόἴς
1008 1524 1064 1583 τοῦ
1075 1514 1235 1599 Ῥωμαίων
1249 1542 1347 1604 στρα-

238 1621 389 1706 τεύματος
410 1620 569 1706 ἀδοκήτοις
590 1623 743 1688 ἐπέπεσον.
796 1620 827 1688 οδ
847 1623 881 1687 δέ
902 1619 1085 1689 ἀσύντακτοι
1107 1621 1182 1697 τίως
1195 1618 1278 1696 ὄντες
1293 1622 1346 1683 καλ

238 1734 284 1815 τῷ
309 1728 452 1817 αέφνιδίιρ
476 1734 532 1811 τῆς
552 1723 666 1813 ἐφόδου
688 1726 952 1814 συνταραχθέντες
968 1722 1053 1809 ὅμως
1068 1724 1236 1790 ἀντεπιέναι
1253 1748 1347 1809 προε-

237 1837 413 1911 θυμοῦντο,
434 1836 490 1895 τοῦ
513 1828 664 1913 βασιλέως
683 1820 761 1916 ᾗπερ
786 1827 889 1895 εέιόθει
912 1826 1080 1917 περιιόντος
1095 1832 1148 1893 καὶ
1166 1830 1209 1905 εἰς
1223 1824 1347 1913 θάρσος
1372 1908 1381 1923 ·

236 1934 295 2010 τάς
316 1932 416 2011 τάξεις
436 1934 611 2021 ἐγείροντος.
664 1932 762 2017 (29)
786 1933 848 1997 ἐπεὶ
867 1934 901 1997 δέ
917 1935 960 2008 είς
974 1942 1082 2017 χεῖρας
1097 1930 1229 2007 ἅπαντες
1243 1922 1343 2015 ήλθον
1353 1944 1387 1999 15

237 2034 397 2120 ἀλλήλοις,
424 2035 517 2102 ἐπιιδν
538 2036 611 2112 τοδς
632 2032 818 2123 ταξιάρχους
838 2038 889 2100 καὶ
909 2033 1075 2120 λοχαγούς,
1102 2034 1346 2119 ἀναμεμιγμένος

237 2141 272 2205 δέ
288 2146 333 2227 τῷ
348 2136 476 2233 πλήθερ,
503 2135 663 2222 πλήττεται
680 2138 760 2224 ξίφει
776 2136 855 2224 παρ’
871 2138 967 2221 αάτήν
979 2146 1034 2222 τῆς
1047 2134 1150 2221 μάχης
1164 2139 1220 2221 τὴν
1233 2135 1344 2219 ἀκμήν,

236 2246 287 2308 καλ
309 2244 457 2319 ἐπιτεθεὶς
481 2241 586 2307 ἀσπίδι
611 2236 753 2331 φοράδην
777 2241 826 2305 ἐπὶ
848 2240 905 2325 τήν
926 2241 1040 2325 σκηνήν
1059 2240 1179 2326 ἀγεται,
1204 2241 1294 2327 μέχρι
1311 2264 1344 2305 τε
1402 2314 1409 2325 ⁸

235 2346 343 2423 νυκτός
360 2346 456 2429 μέσης
477 2346 608 2434 ἀρκέσας
633 2343 804 2425 ἀπέθανεν,
830 2342 867 2409 οὗ
890 2341 997 2433 πόρρω
1012 2345 1069 2429 τήν
1082 2348 1215 2431 Περσῶν
1230 2341 1344 2428 ήγεμο-

235 2452 303 2515 νίαν
333 2449 485 2526 ἀπωλείας
510 2444 706 2537 καταστήσας
733 2445 875 2532 ἐσχάτης.
927 2448 969 2515 έτι
993 2450 1027 2515 δέ
1048 2454 1103 2531 τῆς
1124 2452 1265 2530 τελευτῆς
1286 2453 1342 2513 τοῦ
1349 2458 1387 2512 w

235 2553 386 2637 βασιλέως
409 2550 504 2637 οάσης
525 2549 657 2635 ἀδήλου,
682 2556 744 2617 τῶν
764 2548 924 2634 Ῥωμαίων
947 2549 964 2618 ὅ
986 2552 1118 2640 στρατός
1133 2547 1181 2615 ἐπὶ
1197 2557 1343 2616 τοσοῦτον

236 2653 400 2742 ἐκράτησεν
416 2654 493 2721 ὥστε
507 2653 692 2739 πεντήκοντα
703 2655 761 2739 μέν
773 2662 836 2721 τῶν
852 2655 884 2719 έν
898 2659 1024 2744 μεγίστῃ
1041 2651 1167 2736 δυνάμει
1181 2651 1342 2740 σατράπας

235 2768 354 2839 πεσεῖν,
379 2760 431 2825 καὶ
446 2760 495 2824 ἐπὶ
511 2756 632 2837 τούτοις
647 2756 772 2847 ἀπειρον
786 2764 918 2843 πλῆθος.
969 2762 1031 2825 ἐπεὶ
1045 2760 1080 2825 δέ
1092 2754 1112 2843 ή
1123 2763 1180 2825 τοῦ
1191 2758 1343 2842 βασιλέως

301 2941 319 2994 2
335 2937 388 3008 τήν
405 2938 457 2994 edd
472 2940 502 2994 S.
609 2938 644 2995 15
660 2934 825 3008 άηείραντος
840 2936 897 2992 ΙιΡ.

234 3091 280 3145 nbi
292 3097 505 3146 oonornmntnrnm
517 3090 618 3147 navium
629 3096 734 3145 σοοοίοι
745 3091 888 3162 poenituitr
912 3092 1007 3174 quippe
1018 3091 1130 3144 iumenta
1140 3090 1256 3144 uoluendo
1268 3105 1340 3143 oom-

233 3162 329 3215 mentui
349 3180 399 3215 uon
417 3162 593 3228 sufficiebant,
617 3162 745 3215 tantilem
758 3160 858 3214 itineris
868 3178 995 3214 nerumnn
1005 3162 1029 3212 in
1042 3160 1126 3213 hostili
1137 3160 1191 3212 nolo
1202 3161 1339 3225 conlrcln3

234 3238 262 3285 et
271 3232 371 3285 Persae
382 3248 546 3301 quoscunque
558 3236 677 3301 poterunt
690 3232 790 3283 fruetur
804 3230 972 3300 colligentes,
989 3247 1077 3281 eorum
1092 3228 1161 3281 intre
1174 3228 1340 3282 munitissimo

232 3300 292 3353 loon
303 3299 480 3352 conclusorum
491 3316 539 3351 nun
552 3300 678 3351 lloruunuu
689 3299 869 3368 prohibebant.
905 3300 954 3351 hoo
969 3306 1054 3351 tamen
1071 3315 1155 3351 rernm
1167 3305 1237 3350 nlntn
1249 3298 1339 3349 Perni-

232 3369 270 3421 nin
282 3369 425 3436 legionibus
436 3366 596 3436 conspectis,
619 3367 734 3436 initaque
745 3385 851 3439 pugne,
875 3368 953 3438 longe
964 3366 1072 3421 Romani
1083 3368 1229 3438 superiores
1241 3366 1340 3420 erude-

232 3436 314 3501 bout‚
332 3438 418 3489 multis
429 3436 516 3488 Persio
527 3434 678 3489 interiectio.

301 3504 432 3557 Postridie
454 3504 510 3557 eius
533 3503 598 3567 diei,
616 3520 665 3572 quo
687 3510 805 3576 ternpore
827 3507 911 3559 lorum
933 3504 1163 3574 frequentissimum
1186 3512 1258 3571 ernt,
1275 3522 1340 3558 eon·

233 3570 329 3643 globati
348 3574 446 3627 Pernne
465 3572 666 3643 necopinantes
686 3589 730 3625 eon
750 3576 793 3645 qni
817 3592 831 3627 e
877 3592 910 3627 en
932 3583 1072 3627 extrenum
1097 3575 1266 3628 Romanorum
1294 3593 1339 3626 co-
1444 3581 1448 3588 '

232 3642 329 3711 gebnnt
350 3642 433 3695 ndorti
456 3650 525 3695 nunt.
576 3642 614 3693 illi
643 3643 760 3711 quamvis
784 3660 834 3695 non
854 3660 895 3696 um
917 3644 1020 3696 ordines
1040 3644 1219 3698 instruxissent
1242 3651 1270 3697 ot
1290 3645 1339 3696 irn-

232 3711 365 3783 prennione
386 3710 470 3764 nubilo
491 3710 635 3781 perturbati
658 3720 757 3779 eruent,
784 3720 869 3765 tumen
890 3712 1001 3765 vicissim
1024 3712 1050 3765 in
1072 3714 1171 3766 hostem
1194 3714 1339 3783 pergebant

232 3780 371 3843 nlncritnr,
390 3780 505 3850 principe
528 3798 600 3833 more
620 3796 665 3832 ruo
688 3780 860 3834 circumeunte
884 3791 913 3835 et
932 3782 1045 3851 legiones
1066 3782 1099 3835 ud
1121 3782 1242 3835 virtutem
1265 3784 1337 3835 exci-

193 3886 198 3897 ·
231 3858 312 3903 tonte,
349 3850 422 3919 (29)
446 3865 504 3903 oum
522 3848 555 3902 ad
571 3850 898 3920 monunundiqneventurn
910 3851 1165 3920 ennetetimperntor
1178 3852 1337 3921 pnrtimtnr-

231 3934 329 3973 runrum
339 3918 417 3971 dunen
428 3936 460 3972 nc
469 3918 588 3972 tribunos
595 3918 690 3982 obiret,
708 3920 801 3989 purtim
818 3920 963 3989 prominoue
979 3923 1097 3983 conferto
1107 3920 1133 3972 in
1145 3922 1222 3974 turba
1233 3920 1338 3973 militurn

231 3994 396 4054 uersaretur,
413 3988 439 4040 in
456 3988 513 4059 ipso
528 3986 621 4042 ardore
632 3986 722 4057 proelii
733 3988 819 4057 gladio
831 3990 937 4054 seritur,
954 3998 1079 4058 scutoque
1089 3989 1223 4061 impositus
1234 3989 1267 4041 nd
1279 3999 1336 4041 ten-

230 4057 324 4109 torium
343 4058 510 4140 deportatum
531 4057 575 4111 ubi
593 4055 648 4109 rito
659 4056 765 4110 medinm
777 4058 810 4109 nd
823 4067 923 4111 noctem
933 4076 1014 4127 neque
1025 4059 1150 4129 producte
1161 4067 1274 4111 mortuno
1287 4066 1337 4123 ent,

230 4124 369 4179 Persarum
380 4126 486 4195 uuperio
499 4126 679 4209 propemodum
691 4126 723 4179 ab
737 4143 768 4179 eo
778 4126 828 4179 ion
840 4128 872 4179 nd
884 4135 1023 4181 extremum
1035 4128 1139 4180 exitium
1152 4126 1262 4179 reducto.
1296 4126 1336 4178 in-

230 4202 306 4247 terea
324 4212 385 4247 vero
402 4196 460 4248 dum
480 4196 601 4267 princepis
618 4196 703 4249 obitus
720 4194 870 4265 ignoretur,
893 4197 1052 4268 unquendeo
1065 4197 1193 4249 exercitur
1205 4196 1336 4248 Romanus

230 4262 348 4385 ουφὲιλοτ
368 4264 482 4317 nostibus
497 4262 614 4329 exstitit,
631 4270 662 4317 nt
673 4264 732 4336 quin
751 4266 854 4334 noginto
866 4267 990 4320 maximae
1001 4264 1137 4349 potestatis
1148 4272 1267 4335 eutrnpne
1279 4282 1336 4318 cum

229 4330 255 4384 in
293 4332 328 4386 ‘tn
344 4332 505 4388 multitidine
521 4334 653 4391 colluunt
688 4341 716 4391 nt
761 4335 850 4391 imore
859 4334 1022 4409 inponens
1032 4333 1160 4403 innotuit,
1175 4332 1277 4406 iamque
1287 4335 1336 4389 mi·

478 4522 500 4571 f
