3025 4892
234 302 307 373 166
711 296 863 367 zosnlss

86 483 215 545 lovlaam.
234 478 285 541 καὶ
302 469 403 563 ψήφῳ
428 476 514 560 κοινῇ
533 470 678 554 βασιλεὺς
694 470 844 555 Ἰοβιανδς
863 468 1091 547 ἀναδείκνυται,
1117 470 1340 556 Βαρρωνιανοῦ

232 585 289 647 roal
304 584 365 644 τῶν
382 579 567 659 δομεστίκων
582 572 749 659 ἡγουμένου
764 573 919 659 τάγματος
933 582 1015 649 παῖς.
1071 612 1075 622 1

337 681 389 745 Τὰ
410 681 467 763 μὲν
488 670 542 743 οὖν
566 677 637 765 ἀχρι
658 685 713 762 τῆς
731 678 900 744 ’Ῑουλιανοῦ
916 680 1055 758 τελευτῆς
1066 670 1153 740 τόνδε
1168 671 1338 755 πέπρακται

234 784 288 853 τόν
313 780 442 870 τρόπον,
464 782 612 865 'lustrantia
633 782 667 847 ll
692 781 746 866 τὴν
770 778 937 868 ἁλουργίδα
958 780 1047 857 ίνδάς
1068 781 1119 842 καὶ
1140 775 1175 840 τό
1200 772 1339 857 διάδημα

234 888 431 975 περιθέμενος
452 885 545 969 eligere
566 890 621 969 τῆς
641 886 689 951 ἐπὶ
710 883 783 951 τάδε
806 886 939 970 πορείας.
991 883 1053 947 ἐπεὶ
1071 882 1104 946 δὲ
1120 882 1163 956 εἰς
1181 882 1290 960 Suriam
1303 876 1364 946 τδὸ

235 987 385 1078 φρούριον
406 982 518 1074 ἦλθεν,
545 989 729 1055 ἐπιπεσοῦσα
748 986 768 1073 ἡ
786 990 920 1075 Περσῶν
935 988 1030 1062 ἵππος
1050 994 1114 1060 τοῖς
1132 982 1215 1068 ἀμφ’
1234 978 1339 1059 αὐτόν,

235 1091 403 1181 ίλίιγαντάς
419 1118 449 1157 τε
466 1092 521 1157 οὐκ
538 1092 658 1177 όλίγοος
671 1094 886 1178 ἐπαγαγοῦσα,
906 1087 978 1165 τοὺς
991 1087 1070 1153 κατὰ
1085 1089 1120 1152 τό
1137 1084 1234 1162 δεξιὸν
1248 1086 1340 1171 κε’ρας

236 1194 372 1261 ίκάκουν.
394 1189 555 1277 ἐτετάχατο
570 1197 603 1260 δι’
616 1198 648 1261 ἓν
661 1194 760 1283 τούτῳ
768 1196 910 1277 Ἰοβιανοὶ
925 1188 1200 1278 καλἚρκουλιανοί.
1219 1185 1340 1272 ταγμά-

234 1326 296 1365 των
316 1301 461 1364 δὲταῦτα
477 1294 629 1380 ὀνόματα,
656 1300 741 1385 τιαρά
757 1301 983 1382 Διοκλητιανοῦ
998 1298 1049 1361 καὶ
1064 1298 1267 1376 Μαξιμιανοῦ
1283 1318 1340 1356 κα-

235 1399 400 1481 ταστάντα,
427 1398 582 1489 φερόντων
595 1404 651 1479 τάς
662 1400 779 1468 τούτων
791 1404 979 1484 ἐπωνυμίας·
1006 1396 1092 1481 ὃμὲν
1108 1398 1166 1483 γάρ
1183 1391 1291 1471 Διόςό
1308 1394 1341 1458 δὲ
1350 1410 1383 1465 to

232 1502 422 1591 Ἧρακλίοος
437 1501 594 1588 ἐπώνυμον
611 1503 679 1589 εἶχε.
730 1506 766 1570 τὸ
780 1507 836 1588 μὲν
851 1496 906 1569 οὖν
921 1510 1041 1591 πρῶτον
1055 1499 1116 1565 rino
1131 1506 1187 1583 τῆς
1200 1504 1261 1565 τῶν
1276 1499 1342 1562 ἔλε-

238 1606 361 1695 ιγάντων
377 1606 471 1690 ἀλκῆς
485 1606 638 1691 ἐβιάζοντο
646 1657 656 1687 ,
679 1611 730 1674 καὶ
746 1610 853 1673 πολλοὶ
871 1603 1032 1695 ρεάγοντες
1044 1604 1159 1669 ἔπεσον.
1212 1603 1342 1666 ἀπελαυ-

236 1708 350 1775 νόντων
366 1712 399 1775 tl
414 1710 517 1787 αὐτοῖς
534 1718 595 1777 τῶν
609 1714 742 1799 Περσῶν
757 1712 835 1799 πρὸς
855 1716 894 1796 τῇ
910 1712 996 1796 ἵππῳ
1012 1710 1062 1773 καὶ
1078 1707 1150 1783 τοάς
1166 1705 1342 1792 ίλίιγαντας,

237 1804 338 1897 ἦλθον
360 1813 402 1891 είς
421 1840 450 1879 τι
464 1817 579 1902 χωρίον
598 1814 738 1894 ἄναντες,
766 1816 798 1880 ἓν
813 1806 839 1902 ᾧ
855 1814 926 1889 τοὺς
941 1818 1003 1877 τῶν
1014 1809 1172 1892 Ῥωμαίων
1192 1803 1342 1894 σκευοφό-

239 1942 313 2003 ρους
330 1914 432 1998 ίτοχεν
448 1914 533 1981 είναι.
583 1917 700 1983 τούτων
718 1918 751 1982 lt
770 1913 1032 1997 συνεπιλαβόντων
1047 1915 1151 1990 αὐτοῖς
1166 1917 1222 1977 τοῦ
1239 1907 1385 1983 arrio-15

239 2044 294 2085 νου
319 2022 370 2083 καί
394 2022 426 2096 ἐξ
446 2016 622 2105 ὑπερδεξίου
649 2021 722 2097 τοὺς
742 2020 871 2105 Πίρσας
895 2014 1128 2095 ἀκοντιζόντων,
1160 2010 1343 2101 ἐτρώθησάν

239 2146 318 2198 τινες
341 2128 403 2186 τῶν
428 2120 618 2209 ἐλεφάντων,
644 2126 695 2189 καί
716 2114 793 2209 ᾗπερ
810 2113 848 2207 ἦν
864 2120 938 2196 ἕδος
953 2120 1056 2197 αὐτοῖς
1062 2167 1072 2200 ,
1098 2117 1211 2206 ἔφυγον
1225 2114 1342 2183 ἀδυνά-

240 2249 326 2307 μενοι
339 2222 417 2307 μετά
431 2230 620 2311 βρυχηθμοῦ
635 2229 686 2291 καλ
701 2227 756 2310 τὴν
768 2228 863 2289 ἵππον
878 2223 1002 2289 ἅπασαν
1017 2221 1240 2308 συνετάραξαν,
1266 2218 1344 2285 ὥστε

241 2333 280 2413 τῇ
303 2334 385 2413 ιγογῇ
408 2330 459 2391 καὶ
478 2330 653 2423 ,ἐλέφαντας
673 2326 734 2394 ὖπδ
752 2336 813 2394 τῶν
830 2332 1025 2415 στρατιωτῶν
1042 2331 1277 2411 κατασφαγῆναι
1293 2324 1345 2387 καλ

241 2430 374 2507 πολλοὺς
399 2432 441 2520 ἓν,
455 2430 534 2518 αὐτῇ
555 2438 594 2518 τῇ
614 2430 700 2519 μάχῃ
724 2442 834 2501 πεσεῖν.
887 2430 1042 2495 ἀπίθανον
1067 2430 1101 2493 δὲ
1122 2425 1386 2510 καὶῬωμαίωνΞῦ

240 2542 321 2617 τρεῖς
337 2536 462 2617 λοχαγοὶ
479 2537 622 2621 γενναίως
640 2534 876 2621 ἀγωνισάμενοι,
899 2532 1062 2609 Ἰουλιανός
1077 2535 1128 2597 καὶ
1144 2528 1345 2612 Μαξιμιανός
1437 2546 1440 2553 ·

241 2638 292 2703 καί
307 2634 503 2724 Μακρόβιος.
555 2637 782 2728 διερευνώμενοι
794 2639 828 2704 δὲ
844 2636 916 2714 τοὺς
928 2638 1090 2719 κειμένους,
1116 2638 1168 2701 καί
1180 2636 1212 2701 ἐν
1225 2630 1345 2711 τούτοις

311 2864 475 2923 almanno
492 2868 606 2927 Sumere.
710 2868 744 2925 21
761 2868 894 2924 omnimo
910 2866 1051 2926 Maxima.

242 3072 342 3155 derept.
376 3071 486 3145 ideoque
504 3076 629 3147 rull‘ragio
648 3076 773 3131 communi
786 3076 905 3132 loriaaur
915 3072 1228 3147 imperatordeaignabar,
1245 3070 1346 3123 Varro·

242 3159 311 3195 nranr
323 3143 518 3198 domesticorum
529 3149 625 3200 tribuni
637 3147 714 3201 filius.

313 3211 351 3263 E't
362 3230 428 3281 quae
440 3214 540 3281 quidem
553 3216 585 3267 ad
598 3217 693 3269 obitum
705 3232 786 3285 arque
796 3214 887 3268 Iuliani
897 3214 1055 3279 acciderunt,
1071 3209 1099 3264 in
1110 3210 1176 3262 hune
1185 3212 1261 3276 genta
1272 3208 1347 3261 fuera

244 3280 354 3333 modum.
390 3282 512 3335 Iovianus
531 3284 620 3337 induta
638 3301 751 3353 purpura
770 3292 921 3355 romptoqoe
936 3282 1095 3345 diademate,
1113 3276 1348 3331 eontentisitineri·
1379 3289 1381 3294 ·
1400 3274 1405 3294 ¹

245 3350 293 3401 bua
314 3348 413 3402 domum
434 3351 566 3419 pergebat.
601 3352 634 3405 ad
647 3354 724 3405 Sama
734 3354 867 3405 castellum
879 3352 921 3405 ubi
933 3352 1063 3414 veniraet,
1081 3349 1210 3417 equitatus
1227 3345 1348 3399 Persicon

244 3417 272 3469 in
285 3418 413 3472 Romanoa
425 3418 568 3486 irruptione
581 3422 664 3485 laeta,
684 3438 730 3473 nec
741 3422 831 3491 paucis
842 3421 959 3474 adductia
971 3419 1124 3488 elephantia,
1140 3417 1256 3468 dextrum
1268 3431 1348 3468 cornu

245 3486 400 3552 intentabat,
419 3488 445 3539 in
467 3503 518 3557 quo
536 3490 636 3541 luviani
655 3496 683 3542 et
702 3491 849 3543 Herculiani
867 3490 998 3542 consumti
1010 3494 1092 3544 erant.
1128 3502 1175 3537 eae
1185 3494 1271 3537 runta
1282 3484 1348 3537 Dio·

245 3555 357 3609 cletiano
376 3562 404 3607 et
421 3556 576 3609 Maximiano
590 3560 723 3628 proiectae
735 3560 861 3627 legionum
873 3558 1076 3629 appellationes,
1094 3555 1239 3607 habentium
1251 3570 1349 3621 cogno·

245 3625 314 3677 mina
330 3624 472 3696 principum
489 3626 603 3691 illorum,
631 3644 737 3697 quorum
757 3629 824 3680 alter
845 3628 915 3679 Iovia
934 3627 1000 3679 alter
1018 3624 1137 3677 Herculia
1153 3632 1348 3691 cognomentum

245 3694 386 3761 usurparit.
422 3712 453 3747 aa
470 3694 542 3748 initio
559 3696 659 3765 quidem
676 3698 728 3751 viru
749 3696 852 3749 roboria
864 3696 1055 3764 elephantorum
1067 3712 1116 3745 non
1127 3694 1303 3753 sustinebant,
1321 3696 1349 3743 et

247 3762 316 3814 multi
327 3762 455 3829 lugientea
467 3764 600 3819 cadebant.
626 3784 716 3819 verum
728 3766 773 3819 ubi
784 3766 880 3835 pariter
892 3774 919 3816 et
930 3765 1068 3834 equitatum
1081 3771 1107 3815 et
1119 3763 1270 3830 elephantos
1282 3761 1349 3812 Per-

246 3846 292 3883 aae
304 3830 330 3881 in
343 3838 446 3884 nostroe
458 3835 638 3903 concitabant,
655 3844 759 3888 venturu
773 3843 814 3887 est
824 3834 858 3887 ad
870 3833 991 3886 acclivem
1003 3832 1129 3901 quendam
1145 3832 1243 3893 locum,
1259 3830 1284 3881 in
1297 3844 1348 3895 quo

247 3900 419 3953 Romanorum
432 3902 500 3953 sorte
511 3904 614 3957 calones
627 3912 709 3959 erant.
745 3904 783 3955 hia
793 3904 818 3955 in
832 3903 936 3970 periculi
948 3903 1096 3955 aoeietatem
1108 3901 1270 3952 venientibus
1281 3898 1350 3949 tela-

247 3986 298 4036 que
315 3968 342 4022 in
358 3970 454 4023 Persae
472 3971 505 4024 de
525 3974 623 4025 sublimi
641 3974 791 4025 iacientibur
811 3971 942 4042 elephanti
953 3971 1053 4041 quidam
1065 3970 1190 4022 vulnerati
1202 3975 1277 4030 eunt3
1304 3964 1349 4035 qui

246 4050 318 4091 more
329 4056 374 4091 auo
387 4040 471 4107 sugam
483 4040 571 4093 dolore
586 4042 676 4111 perciti
689 4058 745 4093 cum
754 4040 854 4093 barritu
866 4042 1042 4112 capersebant,
1059 4047 1088 4091 et
1098 4038 1238 4105 equitatum
1250 4052 1349 4089 omnem

248 4110 450 4176 conturbabant,
468 4109 505 4161 ita
522 4111 621 4179 quidem
640 4116 668 4162 ut
684 4117 734 4161 tarn
747 4110 774 4161 in
784 4111 833 4162 hac
844 4111 908 4177 iuga
920 4108 1047 4180 elephanti
1059 4125 1074 4159 a
1085 4107 1204 4159 militibus
1218 4104 1351 4157 interfice·

246 4184 336 4227 rentur
349 4194 423 4244 quam
435 4178 527 4247 inipso
559 4180 636 4231 roelio
658 4180 800 4247 complures
820 4197 852 4231 ex
872 4180 987 4231 hortibua
1005 4177 1134 4231 caderent.
1172 4174 1304 4245 perierunt
1322 4177 1351 4224 et

247 4242 357 4296 Romani
368 4246 496 4313 legionum
507 4198 603 4301 tribuni
614 4256 684 4331 tres²
701 4248 762 4301 dum
782 4248 886 4301 fortiter
902 4248 1038 4313 dimicant,
1057 4246 1169 4299 lulianua
1183 4242 1352 4296 Maximianon

247 4318 275 4365 et
295 4312 453 4369 Macrobius.
490 4334 598 4395 cumque
617 4318 685 4373 burm
702 4318 817 4371 iacenter
836 4318 1029 4389 perquirerent,
1047 4322 1075 4370 et
1091 4315 1160 4369 inter
1177 4330 1223 4367 eoa
1239 4310 1352 4367 Anatolii
