3025 4892
268 247 346 326 414
684 254 962 326 RElTEMEIERI

226 468 229 474 -
268 421 329 482 nisi
339 417 399 480 dno
413 419 485 480 libri
493 430 707 498 memorantur,
722 421 846 482 alterius
859 441 955 503 usque
970 420 1009 484 ad
1023 425 1076 488 26.
1119 425 1182 485 iam
1195 424 1222 484 si
1235 424 1402 484 alteruter

268 511 425 568 universas
436 507 591 577 distortius,
613 529 692 587 quoe
704 509 809 566 mediis
825 509 963 567 omnibus
980 509 1109 570 saeculis
1124 531 1222 592 usque
1234 511 1280 568 ad
1294 523 1402 568 aeta-

270 606 329 651 tem
351 593 445 668 r'psim
460 592 609 650 Paandrt
628 596 829 674 contigerunt,
861 595 895 652 in
916 616 1011 653 renam
1032 599 1136 654 seriem
1157 607 1277 654 coactos
1293 597 1400 654 redo-

265 682 348 760 giose
360 689 390 736 et
400 699 496 737 rosum
508 699 617 756 corpus
630 679 761 760 effecisse
775 678 901 754 dicitur,
932 683 958 739 si
971 701 1058 760 porro
1076 683 1218 740 alteruter
1232 679 1400 760 ἡρωϊκῶν

267 768 445 846 θεογαμιῶν
458 766 583 822 nomine
598 767 749 843 inscripsit
764 785 854 846 opus,
885 765 1043 840 πᾶσανοὸς
1057 767 1152 828 εἰπεῖν
1170 767 1312 846 ἱστορίαν
1330 789 1400 828 πε-

268 844 419 929 ριλαβών,
449 868 510 929 quo
532 849 647 907 reditus
668 851 942 929 Argonautarum,
976 871 1023 910 res
1045 852 1081 910 ab
1104 852 1240 910 Herculis
1265 851 1399 910 sabulis

267 929 397 1015 prorsus
406 937 540 992 seiuncta
556 945 619 994 erat
631 940 803 1014 expositus,
825 946 860 994 ut
875 933 904 992 h.
921 937 942 992 l.
959 957 1000 994 ex
1012 940 1133 997 Zosimo
1150 937 1308 1012 discimus,
1338 941 1398 996 iu-

267 1020 369 1079 dicent
386 1021 439 1077 alii
454 1018 491 1079 de
508 1031 574 1078 utro
591 1033 693 1078 noster
705 1025 846 1080 Zosimus
861 1024 900 1080 sit
914 1022 1116 1102 accipiendus.
1139 1021 1177 1081 de
1193 1023 1298 1080 fabula
1315 1025 1398 1102 ipsa

269 1107 308 1165 cf.
327 1106 387 1162 alia
402 1106 467 1164 loca
483 1125 532 1184 ap.
550 1106 669 1163 Cluver.
685 1107 752 1164 Ital.
768 1118 829 1164 ant.
849 1111 860 1168 1
880 1127 905 1163 c.
920 1111 973 1170 21.
996 1109 1042 1166 H.

353 1211 384 1268 Ρ.
395 1194 457 1254 286
472 1211 502 1249 v.
522 1195 573 1256 21.
618 1211 657 1249 ex
671 1191 885 1272 Olympiodoro
903 1190 1061 1272 desumpta
1075 1190 1164 1250 huius
1178 1193 1396 1251 transvectio-

268 1277 317 1335 nis
331 1274 456 1333 historia
470 1273 589 1332 videtur
603 1285 667 1333 tarn
681 1295 698 1333 a
711 1281 833 1338 Zosimo
849 1296 941 1358 quam
959 1280 994 1336 ab
1010 1281 1178 1338 sozomeno
1196 1280 1214 1340 1
1236 1282 1268 1342 6.
1293 1281 1395 1338 eius-

269 1360 340 1421 dem
358 1363 402 1418 rei
416 1363 508 1418 etiam
522 1359 603 1439 apud
614 1363 748 1420 Plinium
766 1367 784 1427 3
811 1366 847 1426 18
861 1365 975 1422 inentia
992 1367 1111 1422 iniecta.

352 1465 385 1525 p.
402 1449 465 1510 287
488 1467 517 1503 r.
534 1447 564 1508 1.
609 1445 669 1504 vid.
688 1445 798 1506 Suidas
816 1468 846 1506 v.
867 1450 1055 1530 Πίσανδρος,
1088 1450 1264 1508 ibiKiiater.
1309 1451 1392 1506 Ma-

269 1531 388 1590 crobius
402 1531 501 1595 Sat5
524 1535 556 1594 2.
599 1535 707 1613 Heyne
729 1531 769 1590 ad
788 1534 895 1613 Virgil.
912 1536 989 1592 Aen.
1011 1540 1032 1600 2
1055 1554 1123 1592 exo.
1146 1553 1179 1613 Ρ.
1202 1537 1267 1598 282
1287 1554 1389 1618 seqq.

268 1617 375 1696 alp·
393 1616 465 1680 286.

356 1701 398 1760 ih.
414 1722 444 1760 v.
461 1706 493 1765 7.
537 1701 575 1759 cl.
591 1702 750 1772 Orosius7
772 1706 828 1778 38,
860 1705 913 1784 qui
934 1724 1029 1784 aeque
1051 1701 1321 1782 acPhilostorgius
1343 1705 1388 1766 12

267 1791 290 1854 2
307 1785 507 1848 Stilichonem
518 1786 697 1866 proditionis
711 1791 826 1868 arguit3
849 1789 1034 1850 Sozomenus
1050 1794 1070 1854 8
1092 1791 1135 1854 25
1157 1800 1187 1848 et
1204 1778 1230 1853 ,11
1248 1789 1286 1864 4,
1317 1790 1389 1848 So-

269 1879 398 1938 crates7
424 1878 496 1935 10..

353 1981 383 2039 Ρ.
399 1961 462 2022 288
477 1978 508 2016 v.
527 1961 577 2021 10.
603 1958 794 2018 Centenarioa
804 1957 845 2023 40
861 1955 1065 2038 Olympiadas.
1076 1978 1108 2039 Ρ.
1128 1957 1187 2023 146
1202 1954 1250 2018 ed.
1266 1959 1384 2018 Venet-

268 2044 309 2102 ol.
321 2045 344 2102 l.
359 2050 380 2106 2
393 2064 419 2100 c.
432 2041 494 2100 Th.
510 2045 617 2122 siquis
630 2046 773 2121 pecunias
788 2045 913 2102 condar.
957 2045 1067 2102 moer.

353 2127 395 2184 ib.
415 2147 445 2183 r.
464 2132 512 2189 12.
556 2127 606 2184 hio
626 2127 708 2186 idem
730 2127 850 2187 videtur
872 2132 919 2186 oui
941 2131 1112 2188 inscribitur
1126 2129 1149 2186 l.
1165 2129 1204 2192 11
1224 2129 1381 2188 c.1ustin.

268 2211 306 2274 de
320 2212 461 2290 vectigal.
476 2212 561 2290 publ.
579 2212 641 2270 rid.
657 2214 753 2271 noth
772 2212 810 2270 ad
826 2215 848 2270 l.
866 2219 886 2278 2
904 2235 929 2272 c.
943 2214 1003 2272 Th.
1023 2215 1060 2274 de
1079 2213 1218 2294 hisquae
1234 2235 1273 2272 ex
1286 2216 1380 2293 publ.

267 2301 345 2359 alius
356 2296 542 2377 [lampadius
554 2301 636 2356 enim
645 2299 698 2357 ille
712 2301 760 2356 cui
771 2297 849 2358 diota
863 2299 917 2358 lex
928 2301 1111 2379 inscribitur,
1127 2293 1204 2380 quaa
1219 2299 1258 2358 ad
1265 2302 1379 2360 Orien-

266 2397 330 2445 tem
344 2387 483 2464 pertinet.
528 2384 637 2442 Ritter.

353 2469 395 2527 ib.
414 2489 444 2526 v.
463 2467 513 2530 14.
556 2471 648 2527 verba
663 2469 817 2548 probabile
834 2462 921 2527 fitab
935 2479 1053 2528 auctore
1067 2471 1179 2528 Graece
1192 2469 1379 2530 8111111011-

265 2566 336 2636 pta,
365 2565 400 2614 ut
420 2564 450 2612 el
470 2553 527 2611 inf·
552 2575 578 2612 ο.
597 2558 638 2618 88
659 2565 690 2612 et
708 2560 727 2618 6
750 2557 801 2616 11.
846 2559 890 2614 sio
912 2575 937 2612 c.
957 2557 997 2620 41
1018 2549 1203 2638 Ουίρτοῦτεμ
1216 2559 1376 2635 scriptum.

268 2641 361 2720 digna
376 2660 447 2698 vero
464 2641 557 2699 oratio
571 2642 659 2700 Curio
676 2640 777 2722 aliquo
792 2641 842 2699 val
854 2642 1007 2700 Fabricio:
1032 2663 1092 2699 non
1104 2653 1147 2699 est
1158 2643 1219 2698 isto
1225 2661 1305 2718 pax,
1320 2641 1380 2700 sed

261 2730 368 2808 pactio
382 2728 544 2784 sersu‘tutis.
588 2727 635 2784 Η.
826 2753 835 2774 ·

351 2831 383 2891 p.
405 2813 468 2874 290
491 2830 521 2869 r.
543 2811 574 2872 6.
625 2808 663 2868 de
697 2811 892 2870 Constantino
920 2821 1022 2889 repete
1049 2811 1149 2868 animo
1173 2829 1241 2888 sup.
1269 2809 1289 2874 5
1313 2815 1375 2875 27.

268 2899 373 2957 multis
390 2895 428 2954 de
444 2917 479 2955 eo
492 2896 669 2954 Tillemont.
683 2898 716 2954 in
729 2899 863 2955 Honorio
880 2907 936 2954 art.
954 2901 994 2960 26
1010 2915 1056 2976 sq.
1099 2893 1182 2952 idem
1196 2905 1242 2954 eat
1259 2893 1375 2976 vtper-

268 3005 306 3048 oo
337 3003 362 3041 ο.
380 2986 432 3046 82.
477 2982 524 3038 H·

307 3007 323 3057 ς
355 3089 386 3148 p.
401 3069 462 3130 291
477 3086 506 3122 v.
525 3069 574 3130 18.
597 3061 635 3123 de
649 3063 824 3124 Stilichonis
837 3067 928 3125 exitio
945 3065 982 3123 cl.
997 3063 1181 3122 Sozomenus
1198 3067 1218 3128 9
1242 3059 1272 3138 4,
1295 3065 1375 3124 Oro-

268 3157 363 3217 sius?
386 3155 438 3225 88,
459 3149 677 3229 Philostorgius
697 3157 730 3214 11
757 3157 778 3218 3
801 3161 830 3209 et
854 3155 893 3214 12
914 3155 944 3226 2,
968 3153 1021 3231 qui
1035 3153 1066 3207 in
1076 3151 1229 3229 plerisque
1242 3168 1373 3208 consen-

267 3244 357 3301 tiunt.
401 3237 521 3316 culpam
540 3257 557 3294 a
573 3235 740 3296 Stilichone
764 3246 884 3294 amovet
901 3247 930 3294 et
944 3237 1057 3295 nullius
1075 3236 1188 3294 nelarie
1209 3235 1283 3292 facti
1300 3254 1372 3292 cnm

268 3327 327 3386 sibi
340 3326 433 3383 fuisse
448 3325 601 3381 conscium
615 3321 847 3401 olympiodorus
861 3319 961 3396 tradit,
983 3323 1069 3380 testis
1085 3323 1220 3388 omnium
1235 3323 1371 3378 maxima

267 3410 404 3470 idoneus.
420 3409 604 3468 Sozomenus
618 3412 703 3486 regni
716 3409 868 3465 orientalis
882 3411 913 3466 in
929 3409 982 3465 lilii
994 3409 1120 3486 gratiam
1130 3405 1260 3464 affectati
1269 3407 1370 3485 suspi-

268 3499 387 3554 cionem
408 3494 502 3552 fuisse
522 3493 633 3550 scribit.
679 3493 737 3549 alia
757 3495 790 3550 iu
803 3513 873 3550 eum
889 3495 1013 3550 crimina
1026 3501 1191 3570 congerunt
1205 3492 1289 3570 leges
1301 3489 1369 3550 cod.

267 3579 329 3640 Th.
346 3581 422 3658 (1.1
447 3579 501 3635 lib.
519 3583 538 3642 7
561 3579 606 3634 tit.
625 3578 683 3652 16,
712 3577 859 3642 122111).
876 3580 954 3642 91it.
975 3576 1049 3657 18),
1077 3597 1153 3658 quae
1169 3576 1370 3636 Stilichonem

261 3666 447 3747 praedonem
453 3661 613 3741 publicum
629 3673 750 3735 vocant,
774 3673 803 3721 et
820 3665 873 3744 qui
886 3663 931 3721 ad
945 3663 1104 3722 ditandam
1123 3663 1370 3742 inquietandam-

266 3773 325 3833 que
349 3747 519 3808 barbariem
541 3746 689 3807 thesauris
712 3767 782 3807 usus
809 3752 857 3808 sit.
902 3768 979 3830 quae
999 3747 1122 3830 quidem
1148 3750 1369 3806 criminationes

267 3857 338 3897 cum
362 3837 500 3895 inimicos
521 3835 615 3915 ipsius
638 3844 773 3892 auctores
794 3832 940 3908 habeant,
970 3854 1032 3893 non
1055 3837 1151 3912 magis
1174 3831 1233 3892 fide
1260 3831 1368 3912 dignae

267 3933 337 3985 suut
356 3941 448 4003 qaam
467 3940 545 4001 quae
563 3918 781 3999 Philostorgius
804 3930 833 3978 ct
854 3921 992 3996 Orosius,
1030 3931 1080 3978 aut
1105 3920 1187 3978 fama
1208 3917 1367 3978 Stilichoni

268 4009 374 4087 iniqua
397 4010 430 4065 in
450 4025 580 4065 errorem
601 4003 730 4079 inducti,
768 4015 819 4064 aut
839 4008 949 4086 partim
970 4004 1069 4066 studio
1090 4025 1194 4064 eorum
1220 4007 1273 4085 qui
1299 4022 1367 4062 eum

270 4090 466 4171 dignitatibus
488 4089 675 4164 deiecerant,
704 4095 816 4170 partim
835 4090 905 4150 odio
928 4094 991 4151 eius
1015 4093 1052 4150 ob
1072 4092 1229 4170 religionis
1246 4087 1367 4148 dissidia

270 4179 415 4259 permoti,
438 4179 466 4234 ei
482 4178 601 4236 crimini
616 4174 703 4250 dant,
728 4175 811 4257 quod
824 4178 976 4252 barbaros,
999 4197 1015 4234 a
1030 4196 1158 4257 quorum
1171 4177 1288 4235 iniuriis
1300 4193 1368 4232 eum

270 4282 391 4343 semper
402 4261 523 4322 Italiam
540 4263 710 4342 protexisse
730 4272 864 4340 constat,
895 4261 1058 4343 cupiditate
1073 4266 1158 4344 regni
1172 4259 1212 4320 ad
1226 4282 1259 4322 se
1273 4261 1368 4342 pretio
