3025 4892
254 296 327 371 154
541 328 546 343 ·
725 298 877 367 zoslnfl

249 468 455 571 βσηθείν,·εί
469 466 529 537 nod
551 496 581 538 τι
605 471 713 560 φανείη
736 472 901 557 πολέμιον,
925 469 982 540 osis
1005 465 1232 561 όπεκροόσαντο
1256 467 1352 557 μόνον

249 578 322 655 τοὺς
343 574 530 653 ἐπελθόντας
555 574 674 657 αὐτοῖς,
701 576 781 642 ἀλλὰ
803 577 877 655 τους
893 578 950 661 μίν
967 573 1121 653 ἀνελόντες
1134 576 1208 655 'code
1222 577 1257 641 δέ
1272 601 1351 663 προ-

248 679 405 770 τροπόὸην
429 678 590 757 διώξαντες
614 680 647 744 ἓν
668 680 806 767 ἀσφαλεῖ
823 686 870 771 τῷ
890 686 1016 765 βασιλεῖ
1034 680 1075 746 τὰ
1096 687 1152 765 τῆς
1174 683 1350 766 πολιορκίας

247 785 402 869 ἐποίησαν.
455 786 517 850 ἐπεί
529 785 563 848 δὲ
577 790 639 849 τῶν
655 782 828 872 φευγόντων
843 786 921 862 τινές
936 787 987 850 καί
1001 785 1034 849 έν
1046 793 1112 860 τσῖς
1125 780 1185 848 ὑπὸ
1200 783 1236 848 τὸ
1255 782 1351 861 όλσος

247 889 343 981 ίλεσιγ
358 880 449 972 ἦσαν,
476 887 547 953 οὐδὲ
562 884 688 965 τούτους
701 888 730 955 oi
742 889 792 953 ἐπί
807 893 986 975 κατασκοπῇ
998 888 1253 974 καταλειφθέντες
1265 886 1375 972 ἀφῇ-5

124 1052 132 1069 .
247 1017 304 1056 καί
328 988 455 1083 ἆθῴθνς
463 1040 473 1070 ,
499 990 579 1056 itit
594 991 668 1069 τοὺς
680 992 737 1076 μίν
752 990 886 1058 έιττειναν
901 990 974 1069 τοὺς
989 993 1023 1056 δέ
1040 988 1255 1073 αἰχμαλώτους
1268 986 1351 1075 ἀπή-

245 1120 349 1179 γαγον.
400 1094 493 1180 (21)
521 1094 550 1159 οἳ
569 1094 604 1159 δέ
625 1096 657 1159 έν
676 1102 720 1186 τηλ
737 1098 877 1186 φρουρίῳ
892 1093 1140 1182 πολιορκούμενοι
1155 1100 1254 1176 βελῶν
1269 1118 1351 1157 παν-

243 1199 335 1263 τοίων
348 1197 453 1287 ἀφέσει
467 1196 540 1274 τοὺς
553 1196 705 1277 ίναντίους
716 1196 871 1283 η’μόναντσ
878 1246 890 1280 ,
906 1201 1006 1264 λίθων
1019 1200 1054 1265 δέ
1066 1198 1122 1264 οὐκ
1133 1196 1229 1263 όντων
1245 1195 1349 1273 αὐτοῖς

244 1297 332 1367 ένδον
351 1298 500 1391 ἀσφάλτῳ
515 1298 637 1384 βώλους
658 1303 892 1390 πεπυρωμένους
912 1299 1076 1387 ἠκόντιζον.
1126 1299 1290 1387 ἐτύγχανον
1314 1300 1349 1365 δέ

243 1410 306 1485 τῶν
329 1406 527 1487 πεμπομένων
543 1404 577 1469 αἶ
590 1408 683 1488 βολαί
700 1404 813 1497 ῥηιδίως
829 1402 881 1472 σία
895 1408 948 1472 καί
965 1408 998 1483 ίξ
1013 1402 1189 1492 ὑπερδεξίου
1203 1406 1255 1469 καί
1267 1402 1347 1468 κατὰ
1356 1412 1392 1467 10

243 1505 385 1592 πλήθους
405 1506 604 1594 πεμπόμεναι.
655 1508 726 1577 ἀλλ’
753 1510 823 1576 οὐδὲ
849 1510 878 1576 σί
899 1516 962 1575 τῶν
975 1507 1135 1593 Ῥωμαίων
1151 1513 1347 1595 στρατιῶται,

245 1613 297 1676 καί
311 1618 410 1677 ταῦτα
426 1620 494 1689 ταῖς
508 1614 541 1691 ἔξ
555 1610 659 1697 ὕψους
671 1616 832 1698 βοηθείαις
849 1610 1061 1696 έλαττσόμενοι
1067 1662 1078 1694 ‚
1104 1617 1245 1697 παρῆκαν
1268 1606 1348 1685 εἶδος

245 1714 372 1802 ἀνδρίας
386 1718 437 1807 καί
449 1721 614 1801 πολεμικῆς
624 1716 805 1803 ἐπιστήμης·
824 1720 926 1795 λίθοις
936 1718 995 1806 γὰρ
1006 1713 1242 1802 χειροπλήθεσιν
1253 1712 1346 1797 έβαλ-

246 1824 317 1898 λον,
337 1820 441 1901 βέλεσί
451 1844 483 1885 τε
500 1820 556 1886 σι’νκ
573 1822 606 1885 ἐκ
622 1820 719 1900 τόξων
732 1821 828 1905 μόνον
843 1821 1017 1910 ἀφιεμένοις
1035 1820 1116 1886 ἀλλὰ
1131 1821 1183 1884 καί
1196 1819 1230 1882 ἐκ
1242 1842 1347 1900 μηχα-

244 1920 404 2015 νημιίτων,
431 1920 507 2010 ἅπερ
529 1922 586 1987 οὐκ
608 1924 661 2012 ἐφ’
683 1922 750 2002 ἑνὸς
768 1923 862 2007 μόνον
877 1928 987 1992 ἵστατο
1004 1921 1179 2009 πηγνύμενα
1192 1919 1344 2003 σώματοςς
1354 1919 1387 1976 15

243 2024 324 2089 ἀλλὰ
334 2028 386 2089 καί
399 2022 454 2088 doio
465 2028 521 2090 καί
532 2026 603 2111 τρία
617 2028 669 2091 καί
683 2030 776 2093 πλείω
792 2024 879 2114 διῄει.
927 2032 985 2091 τοῦ
1000 2027 1034 2091 δέ
1045 2026 1195 2112 φρουρίου
1209 2023 1345 2105 κειμένου

240 2128 297 2209 μέν
320 2128 368 2191 ἐπὶ
389 2124 505 2213 λόφου,
531 2129 643 2210 τείχεσι
666 2130 700 2193 δέ
724 2125 780 2194 tto
805 2132 857 2195 καὶ
878 2125 1005 2216 πόργσις
1024 2125 1185 2194 ἑκκαίδεκα
1202 2123 1346 2211 μεγάλοις

241 2228 443 2318 ὠχυρωμένον
450 2278 461 2310 ,
484 2232 571 2318 πέριξ
592 2258 624 2298 τε
646 2229 757 2321 τάφρῳ
779 2235 1027 2321 περιειλημμένου
1050 2232 1187 2321 βαθείᾳ,
1212 2226 1292 2295 κατά
1314 2254 1345 2293 τι

238 2334 332 2419 μέρος
341 2332 426 2422 ὕδωρ
440 2330 624 2423 είσφερσόσῃ
637 2345 700 2415 τοῖς
713 2338 744 2401 ίν
757 2342 802 2426 τῷ
815 2337 954 2425 φρσυρίφ
968 2336 1045 2425 πρὸς
1057 2332 1152 2400 πότον
1165 2330 1343 2416 ἐπιτήδειον,

235 2442 329 2519 χῶμα
351 2438 476 2521 ίπιχέειν
498 2436 515 2503 ὃ
535 2439 681 2522 βασιλεὺς
702 2445 741 2527 τῇ
760 2435 871 2528 τάφρῳ
884 2440 959 2518 roric
974 2436 1164 2527 στρατιώτας
1179 2438 1386 2514 tottionem

238 2536 340 2626 ἕτερόν
354 2566 386 2606 τε
404 2542 451 2605 tut
463 2539 562 2631 τούτῳ
573 2543 650 2631 πρὸς
661 2541 745 2627 ὕψος
759 2541 957 2626 ἀνιστάμενον
969 2545 1155 2626 ἐξισωθῆναι
1168 2546 1214 2629 τῷ
1224 2537 1342 2626 αόργφ.

237 2644 316 2709 κατὰ
333 2645 366 2709 δέ
380 2644 475 2731 μέρος
490 2645 592 2734 ἕτερον
608 2646 663 2731 τὴν
675 2644 735 2714 ὑπὸ
748 2646 788 2712 τὰ
800 2649 883 2731 τείχη
896 2654 954 2733 γῆν
965 2644 1100 2735 ίρόττειν
1111 2641 1242 2731 ίγνώκει,
1261 2640 1341 2707 κατιλ

306 2806 324 2861 θ
341 2805 381 2879 τῷ
398 2804 509 2877 βασιλεῖ
524 2826 564 2862 om
581 2808 613 2865 L.
727 2810 744 2865 5
762 2808 995 2879 καταληφθέντας
1008 2808 1147 2879 interpres.
1260 2806 1294 2859 10
1310 2798 1340 2867 ἐξ

306 2875 424 3014 effi&
440 2878 668 3017 ΙΜλέοιπαρῆνσυ
682 2876 722 2947 L,
740 2883 875 2949 παρεῖκον
891 2880 929 2933 Ρε
946 2896 1007 2933 corr
1022 2881 1052 2934 S.
1137 2875 1171 2933 19
1187 2866 1262 2937 εἶδος
1278 2872 1339 2927 LPt

236 3080 305 3135 missi
319 3084 436 3150 tuerent,
454 3088 485 3139 nt
501 3082 667 3156 explorarent
681 3084 767 3138 omnis
783 3085 887 3155 suisque
896 3085 1091 3151 succurrerent,
1108 3080 1193 3165 sique
1203 3096 1232 3132 se
1242 3078 1282 3131 vis
1292 3077 1340 3131 bo·

237 3152 303 3204 stilio
315 3152 438 3219 offerret,
456 3172 506 3207 non
520 3155 595 3208 modo
607 3155 713 3207 adortos
724 3172 753 3207 ee
764 3158 958 3224 propulsarunt,
974 3154 1019 3206 sed
1031 3152 1175 3204 interlectos
1186 3149 1258 3213 eli'rs,
1275 3147 1340 3201 elios

238 3222 322 3273 effuse
333 3228 405 3289 terge
416 3222 480 3275 dere
491 3230 596 3277 coactos
610 3224 734 3289 insecuti,
752 3224 785 3277 sb
806 3223 873 3276 omni
887 3228 954 3277 metu
970 3238 1084 3275 securam
1097 3218 1258 3288 imperatoris
1267 3217 1339 3269 obsi-

236 3290 336 3342 dionem
354 3291 503 3346 reddebant.
537 3299 565 3345 et
582 3294 701 3362 quoniam
718 3293 832 3345 nonnulli
849 3295 911 3361 tuga
928 3291 977 3346 sibi
993 3290 1154 3343 consulentes
1171 3287 1198 3340 iu
1218 3285 1339 3339 subiectis

236 3358 295 3409 luco
328 3358 443 3411 alodibus
456 3362 611 3427 haerebant,
634 3378 668 3414 ne
685 3362 743 3414 illos
757 3360 871 3431 quidem,
888 3362 911 3414 ei
926 3362 958 3413 de
976 3358 1168 3419 rehendiooent,
1182 3356 1285 3409 illaesos
1297 3355 1338 3407 di-

236 3377 355 3478 mittebnt
365 3428 481 3481 itinerum
493 3430 679 3498 exploratores,
696 3430 744 3484 red
755 3432 849 3501 partim
860 3431 1050 3484 interficiebant
1060 3426 1152 3497 partim
1163 3426 1280 3495 captivos
1291 3426 1338 3477 eb-

233 3494 369 3549 ducebnnt.
404 3496 476 3565 (21)
494 3498 594 3549 obsessi
606 3516 669 3551 vero
681 3500 789 3553 telorum
800 3502 881 3553 omnis
891 3500 993 3569 generis
1002 3500 1073 3552 inctn
1083 3495 1135 3549 vim
1147 3494 1265 3549 hostilem
1276 3511 1339 3565 pro·

234 3564 377 3633 pulsabant.
413 3582 520 3635 cumque
538 3582 602 3620 mxc
617 3568 777 3638 delicerent,
794 3568 887 3639 ignita
900 3570 1022 3623 bitumine
1032 3566 1123 3635 glebns
1134 3565 1336 3618 eincnlnbnntnr.

234 3648 320 3684 earum
331 3632 414 3688 iactus
425 3634 500 3688 focile
512 3636 697 3706 contingebant
708 3656 753 3692 eos
765 3642 809 3708 qui
820 3641 981 3710 petebantur,
998 3636 1066 3706 qnod
1078 3636 1111 3688 de
1122 3634 1267 3687 sublimiore
1278 3632 1336 3685 loco

233 3710 261 3752 et
271 3699 297 3752 in
309 3703 493 3757 multitudinem
506 3706 607 3762 tierent.
641 3708 689 3761 sed
699 3726 747 3761 nec
761 3708 868 3763 Romani
879 3708 985 3772 milites,
1002 3706 1119 3774 quemvis
1128 3704 1274 3757 adiumento
1285 3700 1335 3755 loci

232 3770 373 3839 superioris
384 3774 555 3840 vincerentur,
575 3776 652 3830 ullum
663 3777 819 3831 fortitudinis
830 3783 858 3829 et
868 3775 989 3829 scientiae
1001 3774 1107 3829 bellicae
1116 3789 1197 3842 genno
1208 3772 1335 3824 intermit-

233 3840 331 3892 tebnnt.
366 3858 472 3910 magnos
490 3844 555 3897 enim
570 3845 596 3897 ln
614 3846 669 3899 ides
683 3854 711 3899 ot
721 3846 774 3899 tele
785 3845 954 3899 coniiciebent
964 3844 989 3896 in
1001 3843 1101 3909 hostes,
1119 3858 1185 3912 quae
1197 3858 1248 3893 non
1259 3856 1336 3893 ercu-

230 3908 280 3961 bus
292 3916 390 3965 tantum
403 3929 490 3965 verum
502 3922 529 3966 et
540 3864 662 3968 mocbinis
674 3916 864 3969 emittebantur.
898 3932 944 3967 ene
957 3930 1008 3965 non
1018 3913 1056 3965 ito
1068 3911 1222 3967 constitutae
1232 3912 1336 3962 luerent

231 3985 260 4029 ut
274 3996 349 4033 unum
362 3982 436 4034 modo
449 4000 559 4052 corpus,
586 3984 631 4037 sed
645 3984 713 4051 duo,
739 3983 807 4051 tria,
830 3982 1153 4067 pinendeniqueierirent.
1193 3980 1254 4048 quie
1268 3995 1332 4031 vero

229 4049 359 4103 rostellum
372 4050 397 4103 in
410 4051 476 4105 colle
485 4053 561 4106 situm
572 4058 645 4117 erat,
664 4053 764 4107 duobus
782 4068 859 4107 muns
870 4060 898 4106 et
909 4053 996 4105 decern
1008 4067 1039 4103 nc
1049 4068 1095 4103 sex
1106 4050 1204 4119 magnis
1218 4048 1333 4101 turribus

232 4118 352 4172 munitum
375 4121 479 4189 situque
502 4122 613 4176 cinctum
635 4122 722 4188 fosse,
744 4138 812 4191 quoe
828 4132 905 4193 porte
918 4120 1026 4191 qnndnm
1045 4118 1143 4173 castelli
1164 4117 1335 4189 praesidiariis

232 4200 323 4251 equom
342 4188 375 4240 cd
396 4198 481 4271 potum
501 4190 618 4244 idoneam
640 4191 806 4260 immittebat,
827 4198 916 4260 egesto
929 4198 998 4243 terra
1009 4190 1104 4241 ioosnm
1114 4187 1254 4257 imperator
1264 4202 1334 4237 com·

233 4254 338 4321 planare
354 4256 444 4309 milites
462 4258 550 4324 iussit,
568 4260 696 4333 utumque
725 4267 842 4314 rneteree
851 4260 983 4314 tentemin
997 4256 1156 4311 altitudinem
1168 4255 1276 4307 excitari
1286 4272 1334 4321 ng-

232 4332 368 4392 genennt
387 4326 476 4382 turin
489 4337 636 4399 coquerent
669 4278 759 4386 itidem
769 4337 844 4404 perte
855 4328 1133 4403 qmdandistemn
1143 4327 1192 4382 snb
1202 4323 1334 4380 moenibus
