3025 4892
264 257 340 354 ase
744 279 895 350 zosnu

265 459 323 539 δας
342 452 434 534 όντας
454 453 629 541 ἐξαγαγεῖν,
651 450 694 544 ῶς
711 450 841 536 ἑτοίμων
858 448 1001 520 ἀπάντων
1019 453 1061 531 είς
1076 447 1191 521 ἅλωσιν
1208 449 1371 536 ἐσομένων.

262 562 312 627 ἐπὶ
336 557 455 638 τούτοις
470 557 631 644 Ἀλάριχος
650 563 712 624 τῶν
737 554 864 648 Θρᾴκης
883 557 1070 624 ἀντανίστατο
1092 555 1210 636 τόπων,
1243 559 1293 639 καί
1319 558 1370 621 ἐπὶ

262 665 463 732 Μακεδονίαν
483 660 590 750 προῄει
613 664 666 727 καλ
689 661 879 740 Θεσσαλίαν,
910 658 1010 728 πάντα
1029 656 1312 748 καταστρεφόμενος
1329 659 1370 725 τά

261 769 400 856 ἐνμέσῳ.
449 763 607 852 γενόμενος
620 766 654 831 δέ
674 765 884 852 Θερμοπυλῶν
901 766 1027 851 πλησίον
1042 763 1152 846 έπεμπε
1169 762 1275 854 λάθρφ
1291 763 1370 848 πρός

257 871 411 953 Ἀντίοχον
435 869 490 936 τόν
515 867 694 934 ἀνθύπατον
710 872 762 934 καλ
779 869 811 933 Γ
807 865 939 956 τρόπεον
954 868 1007 934 τδν
1022 865 1210 955 ἐφεστηκότα
1227 873 1266 953 τῇ
1286 865 1401 952 Θερ-Ξν

260 979 409 1058 μοπαλῶν
424 979 549 1061 φυλακῇ
562 971 636 1050 roric
649 971 705 1057 τὴν
720 972 834 1061 ἐφοδον
847 972 1057 1058 ἀγγελοῦντας.
1108 974 1160 1036 καί
1182 967 1198 1035 ὃ
1217 971 1274 1053 μέν
1290 970 1367 1034 ἀπε-

153 1103 178 1139 a.
194 1085 248 1142 ³96
261 1075 358 1165 χώρει
377 1077 456 1160 μετὰ
478 1082 540 1142 τῶν
556 1072 720 1164 φυλάκων,
744 1076 881 1153 ἐνδιδοδς
895 1076 1060 1162 ἐλευθέραν
1075 1077 1125 1140 καὶ
1141 1071 1298 1139 ἀκώλυτον
1311 1073 1369 1156 τὴν

263 1182 313 1246 ἐπὶ
330 1179 387 1264 τὴν
396 1177 532 1245 Ἐλλάδα
549 1177 686 1267 πάροδον
702 1189 767 1258 τοῖς
780 1177 968 1267 βαρβάροις·
995 1179 1024 1244 οἳ
1040 1179 1074 1244 δέ
1087 1179 1135 1243 ἐπὶ
1150 1181 1234 1243 λείαν
1248 1179 1368 1259 ἕτοιμον

262 1291 325 1350 τῶν
339 1282 442 1370 ἀγρῶν
457 1285 509 1347 καί
524 1289 656 1366 παντελῆ
672 1290 734 1349 τῶν
747 1281 865 1348 πόλεων
880 1281 1033 1349 ἀπώλειαν
1048 1278 1200 1370 ἐχώρουν,
1225 1281 1298 1357 τοάς
1311 1281 1368 1364 μέν

263 1385 380 1474 ἀνδρας
394 1378 511 1470 ἡβηδόν
527 1383 789 1473 ἀποσφάττοντες,
813 1383 963 1474 παιδάρια
979 1387 1012 1451 δέ
1028 1389 1081 1451 καί
1095 1395 1241 1470 γυναῖκας
1258 1384 1368 1472 ἀγελη-
1380 1397 1419 1450 10

264 1491 320 1557 tta
334 1488 402 1573 άμα
415 1495 461 1578 τῶ
476 1486 598 1578 πλοότιρ
613 1492 704 1556 παντί
719 1486 899 1574 ληιζόμενοι.
951 1491 1002 1554 καὶ
1016 1485 1036 1573 ἦ
1051 1489 1107 1572 μέν
1122 1489 1258 1554 Βοιωτία
1271 1493 1367 1565 πᾶσα,

265 1596 317 1660 καλ
332 1592 393 1660 ὅσα
405 1593 485 1676 μετὰ
500 1593 556 1679 τὴν
572 1593 634 1659 ἀπό
653 1594 863 1681 Θερμοπυλῶν
880 1593 998 1660 εἴσοδον
1010 1589 1172 1676 Ἑλληνικά
1188 1589 1264 1674 ἔθνη
1281 1592 1367 1674 διῆλ-

265 1697 372 1764 θονοῖ
385 1695 560 1785 βάρβαροι,
585 1695 696 1763 έκειντο
713 1697 769 1781 τὴν
783 1698 816 1775 ἐξ
830 1698 942 1762 ἐκείνου
957 1697 1047 1783 μέχρι
1062 1702 1118 1760 τοῦ
1130 1701 1184 1760 νῶν
1196 1717 1369 1782 καταστρο·

266 1801 329 1890 φὴν
351 1798 477 1866 διδόντα
499 1811 564 1879 τοῖς
586 1802 753 1884 θεωμένοις
778 1797 872 1889 όριῖν,
898 1798 1000 1882 μόνων
1026 1799 1174 1884 Θηβαίων
1193 1799 1245 1864 διὰ
1262 1798 1296 1864 τό
1313 1804 1369 1882 τῆς

265 1902 383 1980 πόλεως
396 1903 509 1991 ἀχορδν
522 1905 772 1991 περισωθέντων,
797 1907 849 1969 καὶ
864 1902 911 1969 ότι
926 1901 1065 1968 σπεόδων
1079 1903 1135 1980 τὰς
1143 1899 1278 1986 Ἀθήνας
1291 1899 1369 1967 ἑλεῖν
1380 1910 1415 1964 15

259 2005 421 2095 Ἀλάριχος
434 2007 623 2089 οάκ·ἐπέμενε
637 2014 677 2094 τῇ
687 2004 803 2072 τοότων
816 2009 986 2097 πολιορκίη.
1041 2006 1187 2089 Θηβαίων
1200 2008 1302 2071 τοίνυν
1315 2005 1367 2070 διά

262 2116 354 2175 τοῦτο
381 2107 608 2196 ἐκπεφευγότων
628 2111 678 2174 ἐπὶ
700 2109 757 2187 τάς
776 2107 913 2194 Ἀθήνας
931 2107 1054 2198 ἐχώρει,
1080 2109 1179 2200 ῥᾷστα
1200 2109 1256 2193 τὴν
1279 2107 1368 2180 πόλιν

262 2211 400 2296 οίόμενος
423 2210 500 2282 ἐλεῖν
521 2212 574 2306 διδ
588 2211 625 2278 τδ
639 2214 771 2298 μέγεθος
788 2220 850 2278 τῶν
864 2212 950 2278 ἔνδον
967 2219 1168 2300 φυλαχθῆναι
1182 2212 1218 2278 ori
1235 2212 1367 2294 δοναμέ·

260 2343 333 2401 νην,
359 2319 411 2382 καί
434 2316 560 2403 προσέτι
581 2323 637 2382 τοῦ
658 2321 816 2403 Πειραιῶς
833 2317 976 2404 ἐχομένου
995 2315 1101 2383 σπάνει
1118 2323 1179 2381 τῶν
1193 2318 1368 2400 ἐπιτηδείων

172 2478 176 2488 ,
260 2420 332 2503 μετ’
359 2420 395 2485 οά
419 2420 499 2484 πολά
519 2423 793 2507 πολιορκουμένους
816 2418 966 2489 ἐνδώσειν.
1016 2421 1089 2486 ἀλλ’
1108 2416 1124 2485 ὃ
1140 2417 1417 2506 μένἈλάριχοςω

261 2525 294 2588 ἐν
310 2521 436 2600 ταόταις
448 2515 486 2607 ἦν
501 2534 570 2600 ταῖς
583 2525 714 2603 ἐλπίσιν,
737 2522 841 2608 έμελλε
856 2521 922 2608 att
938 2530 992 2607 τῆς
1006 2522 1121 2600 πόλεως
1135 2519 1300 2610 ἀρχαιότης
1316 2525 1367 2588 καὶ

262 2627 295 2692 ἐν
320 2625 401 2693 οότω
427 2628 588 2714 δυσσεβέσι
614 2638 719 2704 κακοῖς
734 2629 825 2694 θείαν
840 2627 909 2694 τινά
923 2625 1067 2713 πρόνοιαν
1083 2624 1159 2713 ότιέρ
1175 2625 1286 2710 ἑαυτῆς
1301 2627 1368 2692 ἐπι-

262 2729 448 2798 σπάσασθαι
470 2733 522 2797 καί
544 2731 643 2815 μένειν
660 2729 849 2819 ἀπόρθητος.
901 2731 970 2816 (6)
996 2730 1081 2809 ἀξιον
1099 2733 1132 2796 δέ
1148 2731 1227 2816 μηδὲ
1243 2731 1297 2814 τὴν
1316 2731 1368 2794 αι’-

266 2945 399 2983 versatum
410 2928 521 2996 gentium
534 2928 643 2994 milites,
669 2926 909 2991 otreatuaduceran
935 2909 1158 2996 omnibnsabsqne
1172 2925 1368 2997 iaborepotitn-

265 3015 318 3051 rus
353 2997 391 3052 his
410 2998 492 3078 fretos
506 2998 673 3082 hierichuae
689 2997 803 3050 'l'hracia
813 2995 923 3080 disperiit
934 2999 997 3078 etin
1009 2997 1185 3080 Macerioniam
1196 2996 1368 3048 Thessaliam-

265 3065 992 3205 ttttftssttttstt‘tttt'ttzttt‘thttttt
1008 3065 1369 3194 ..tttttttt‘ttitn

265 3205 499 3272 Thermopylarum
518 3205 652 3258 custodiae
669 3206 842 3273 praetectum,
860 3203 902 3272 qni
921 3221 993 3256 suum
1011 3203 1047 3255 eis
1064 3203 1201 3256 adventum
1214 3205 1367 3255 nuntiarent.

265 3273 410 3325 Gerontins
422 3290 477 3326 cum
490 3273 661 3343 praesidiariis
672 3273 801 3333 abscedit,
819 3273 1004 3340 transitumque
1016 3272 1121 3324 liberum
1133 3274 1202 3324 omni
1212 3273 1309 3342 ubsque
1319 3271 1368 3324 im-

264 3343 413 3411 pedimento
434 3342 552 3396 barbaris
571 3343 597 3394 iu
615 3343 752 3399 Graeciam
768 3341 894 3410 relinquit.
929 3343 965 3392 nn
976 3357 1039 3392 vero
1051 3342 1084 3392 ad
1097 3359 1172 3408 agros
1184 3341 1251 3393 nulio
1264 3341 1368 3409 negotio

264 3410 421 3478 diripiendos
441 3421 468 3463 et
488 3411 610 3462 delendas
627 3411 728 3484 penitus
739 3413 816 3463 urbes
828 3411 1035 3483 progrediuntur.
1070 3411 1189 3479 quicquid
1204 3411 1282 3462 virilia
1293 3427 1366 3463 sexus

265 3487 336 3531 esset
355 3479 498 3548 aetatisque
517 3480 636 3549 puberis,
653 3480 816 3544 interimuntq
835 3495 929 3548 pueros
951 3486 977 3531 et
996 3479 1155 3532 mulierculas
1175 3481 1300 3548 gregatim
1317 3495 1367 3532 nna

267 3565 324 3599 oum
341 3549 432 3617 opibus
443 3548 570 3600 universis
581 3565 627 3600 ceu
639 3557 738 3618 partam
750 3549 872 3619 praedam
884 3549 999 3616 abigunt.
1035 3565 1066 3600 au
1079 3549 1183 3602 Boeotia
1197 3550 1298 3618 quidem
1310 3549 1367 3600 uni-

264 3632 342 3668 versa
361 3618 494 3686 ceterique
510 3619 670 3670 Graecarum
687 3618 793 3688 popuii,
812 3633 977 3686 quoscunque
992 3626 1132 3687 postauam
1142 3619 1174 3670 de
1186 3617 1368 3686 Thermopylis

262 3685 403 3754 ingressura
414 3688 538 3739 transiere
549 3687 661 3752 barbari,
676 3687 798 3756 prostrati
810 3688 936 3750 iacebant,
954 3705 984 3740 ao
997 3687 1142 3740 vastitatem
1155 3688 1187 3738 ab
1198 3686 1241 3740 iilo
1253 3687 1367 3756 teinpore

264 3771 336 3808 auam
349 3772 415 3807 nunc
427 3773 530 3826 qnoque
540 3757 706 3827 spectantium
717 3757 798 3809 oeulis
810 3757 944 3820 exhibent,
962 3757 1022 3809 auiis
1030 3756 1162 3809 Thebanis
1173 3757 1266 3824 partim
1278 3758 1311 3808 ob
1322 3773 1367 3808 ur·

264 3823 304 3877 bis
314 3825 475 3878 munitionem
487 3825 653 3885 conservatis.
671 3825 764 3894 partim
776 3825 844 3894 quod
854 3825 987 3880 Alarichus
998 3826 1112 3878 Athenas
1119 3842 1217 3896 ,capere
1228 3841 1368 3894 properans

262 3909 350 3946 aarum
362 3895 488 3947 obsidioni
499 3913 550 3947 non
561 3895 723 3947 inhaesisset.
755 3911 811 3949 oum
823 3895 903 3962 igitur
914 3896 946 3947 oh
958 3896 1023 3946 hano
1033 3898 1134 3947 eausam
1147 3895 1265 3946 Thebani
1278 3893 1366 3947 discri-

176 3985 181 3999 ¹
261 3981 318 4016 naen
339 3965 493 4032 evasissent,
512 3966 626 4016 Athenas
644 3964 789 4032 contendit,
808 3963 926 4016 facitlime
942 3981 972 4018 ae
988 3964 1077 4018 urbem
1092 3971 1274 4032 occupaturum
1286 3971 1366 4031 ratna,

261 4031 331 4101 quod
352 4041 457 4115 propter
476 4033 666 4103 amplitudinem
682 4033 826 4089 interiorem
845 4033 966 4085 custodiri
977 4050 1027 4086 non
1038 4040 1141 4102 posset;
1158 4033 1279 4102 qnodque
1291 4049 1364 4101 prae-

262 4111 336 4154 terea
352 4120 378 4154 m
396 4111 525 4173 potestate
541 4103 676 4155 Piraeeum
687 4103 810 4169 haberet,
829 4119 879 4154 non
892 4103 970 4154 multo
982 4111 1042 4171 post
1053 4101 1139 4170 inopia
1150 4109 1307 4154 oommeatus
1317 4102 1363 4153 oh-

261 4185 347 4222 sessos
367 4172 520 4224 deditionem
536 4174 652 4225 fauturos
671 4171 788 4240 putabat.
824 4177 851 4224 et
863 4171 998 4223 hierichus
1009 4171 1109 4240 quidem
1122 4172 1168 4222 has
1180 4189 1240 4240 spes
1252 4172 1365 4226 fovebat.

262 4255 350 4291 aarum
369 4241 439 4294 urbis
457 4242 594 4309 antiquitas
605 4242 682 4294 etiam
693 4241 719 4292 in
730 4247 783 4293 tam
794 4239 876 4311 inpiis
888 4241 958 4292 maiia
968 4241 1078 4293 divinam
1091 4239 1215 4310 quandam
1229 4239 1367 4309 providen-

263 4307 325 4360 tiam
347 4319 489 4366 evocatum
511 4327 558 4380 pro
580 4327 610 4363 ae
631 4327 664 4364 ao
685 4325 806 4366 mansura
822 4310 975 4365 vastationis
989 4327 1083 4381 expers
1096 4317 1161 4366 erat
1196 4311 1255 4379 (6)
1273 4325 1369 4380 operae
