3025 4892
248 311 349 363 mvr
658 291 933 363 uulturmtuttt

249 475 379 540 instituti
397 473 542 536 rationem
558 481 714 558 sequatur,
736 495 844 558 resque
859 495 900 536 ex
914 475 1083 537 auoton‘bos
1099 474 1207 557 petitas
1219 470 1260 533 ad
1271 493 1339 534 eam

250 575 471 654 accommodet,
493 579 595 638 muisis
610 579 691 655 eliis,
713 579 781 639 aliis
793 576 884 638 modo
897 580 965 661 plus
976 576 1068 638 modo
1078 580 1179 637 minus
1191 579 1339 652 martam,

250 678 305 742 sed
322 690 355 739 ut
370 680 437 739 aliis
452 681 542 739 etiam
557 679 766 761 scriptoribus,
786 691 905 759 praeter
924 681 1097 760 Dexippum
1118 680 1290 760 Ennapium
1307 691 1339 737 et

249 780 515 864 olympiodorum,
536 782 568 840 in
589 782 736 840 auxilinm
757 786 870 843 vocatis
891 793 921 843 et
942 781 1083 862 adhibitis
1102 801 1169 857 eos,
1192 799 1268 861 quos
1280 780 1338 839 sibi

249 887 385 945 maxime
399 882 488 944 duces
502 883 603 964 elegit,
626 881 766 942 emendet
777 894 830 943 aut
839 885 988 965 suppleat.
1016 903 1122 943 venun
1131 886 1164 943 in
1177 880 1236 941 hac
1248 902 1339 962 opera

249 987 370 1047 zosimo
386 983 537 1044 interdum
556 983 679 1044 humani
698 983 814 1067 aliquid
835 985 978 1046 accidisse
995 987 1099 1064 negari
1118 987 1234 1066 nequit.
1274 1002 1337 1043 non

250 1089 331 1148 enim
350 1089 461 1168 ubique
481 1089 553 1146 satis
575 1087 633 1146 sibi
651 1089 731 1146 cavit
744 1106 803 1167 quo
817 1091 918 1148 minus
937 1091 1137 1148 narrationem
1158 1086 1337 1161 obscuraret,

249 1191 367 1251 omissis
380 1206 457 1270 quae
469 1189 545 1247 scitu
558 1197 642 1246 erant
654 1191 838 1264 necessarie,
859 1186 893 1247 id
907 1186 988 1268 quod
1002 1193 1034 1248 in
1047 1185 1254 1249 contrahendis
1265 1207 1338 1266 pro·

248 1289 366 1353 lixiorls
387 1309 422 1348 ec
443 1291 559 1350 confusi
581 1291 644 1348 stili
665 1291 871 1368 scriptoribus,
901 1293 1045 1370 Eunapio
1063 1302 1094 1350 et
1113 1288 1337 1370 Olympiodoro,

248 1393 338 1452 facile
359 1388 491 1451 incidere
513 1394 626 1471 poterit,
647 1393 785 1470 inprimis
799 1393 825 1452 si
840 1391 972 1453 studium
987 1411 1022 1450 ac
1038 1390 1226 1470 diligentiam
1236 1393 1338 1450 mino-

248 1513 314 1552 rem
331 1511 423 1575 quam
439 1513 494 1573 par
507 1503 569 1552 erat
586 1491 751 1552 adhiberet.
793 1513 850 1552 nec
870 1494 1066 1574 improbabile
1087 1503 1133 1553 est
1147 1503 1337 1572 praematuro

247 1595 310 1656 lato
329 1597 485 1656 ansonem
501 1597 595 1655 fuisse
608 1591 788 1674 impeditum
801 1613 861 1676 quo
874 1598 973 1655 minus
986 1594 1141 1654 historiam
1154 1613 1256 1671 suam,
1275 1597 1337 1653 ite·

248 1707 312 1756 rata
330 1698 477 1775 lectione,
499 1695 676 1757 acutioribus
690 1697 869 1779 perlustrare
883 1699 980 1758 oculis
992 1707 1023 1758 et
1035 1697 1167 1758 obscuris
1178 1697 1253 1758 locis
1264 1716 1336 1779 per-

246 1799 434 1880 spicuitatem
447 1795 570 1860 reddere
583 1809 693 1880 posset.

329 1901 476 1958 Maiorem
496 1901 603 1982 aliquis
625 1901 826 1980 suspicionem
845 1903 967 1962 zosimo
981 1903 1110 1977 inliciat,
1133 1901 1186 1982 qui
1198 1911 1334 1961 revocato

244 2001 278 2059 ln
299 2010 432 2060 mentem
454 2011 484 2058 et
505 2002 645 2080 oonsilio,
666 2002 748 2084 qnod
768 2005 829 2083 ipsi
847 2005 882 2084 in
900 2023 989 2083 opere
1009 1999 1197 2084 suscipiendo
1210 2003 1283 2079 tuit,
1305 2011 1337 2062 et

244 2103 403 2181 opinione,
426 2121 503 2182 quae
524 2102 563 2163 de
585 2101 820 2164 christianornm
840 2105 983 2183 religione
1000 2107 1065 2164 sins
1080 2107 1181 2164 animo
1194 2103 1333 2180 inhaesit,

109 2215 137 2270 p·
156 2217 226 2258 1111
242 2203 277 2264 id
291 2223 361 2264 emn
372 2207 512 2266 molitum
526 2227 591 2266 esse
603 2207 791 2283 meminerit,
811 2216 848 2265 ut
863 2203 1032 2266 ostenderet
1044 2209 1077 2264 in
1088 2211 1236 2266 maiorum
1248 2227 1335 2286 spre-

242 2307 282 2366 tis
307 2304 487 2386 adscitisque
509 2307 745 2370 Christianorum
768 2308 859 2368 saorla
882 2310 1012 2388 positam
1034 2327 1100 2367 esse
1120 2308 1334 2384 calamitatum,

242 2408 353 2490 quibus
373 2410 502 2468 Romani
521 2420 719 2485 vexarentur,
741 2427 873 2468 catuam.
913 2421 1013 2471 metus
1031 2408 1103 2469 inde
1119 2411 1199 2469 subit
1214 2429 1255 2469 ne
1270 2413 1335 2470 Zo-

243 2511 321 2569 simo
334 2507 417 2568 idem
430 2509 585 2590 acciderit,
608 2510 689 2594 quod
702 2513 821 2570 evenire
832 2511 908 2570 solet
928 2512 990 2572 illie
1010 2514 1064 2594 qui
1083 2509 1204 2572 student
1214 2530 1335 2570 accom-

241 2608 365 2671 modare
389 2631 452 2688 res,
474 2632 549 2695 quas
575 2615 724 2693 explicere
739 2615 875 2692 cupiant,
898 2609 938 2670 ed
951 2611 1132 2695 hypothesin
1150 2623 1201 2673 aut
1215 2614 1335 2691 opinio-

240 2731 313 2771 nem
332 2731 410 2794 quaa
432 2715 566 2793 ipsorum
588 2719 743 2795 occupavit
761 2716 895 2790 animos,
917 2725 951 2773 ut
975 2735 993 2774 a
1013 2718 1146 2775 veritatis
1164 2717 1268 2795 regula
1283 2717 1334 2775 vel

241 2813 444 2894 imprudentes
460 2828 489 2876 et
501 2820 588 2876 iuviti
601 2815 757 2894 recedant,
779 2828 874 2899 utque
889 2819 922 2876 in
937 2817 1025 2878 lactis
1039 2819 1254 2899 eventibusque
1268 2829 1334 2876 tru-

240 2915 374 2976 tinandis
402 2919 522 2976 nullum
551 2921 692 2994 iniuriae,
723 2937 815 2998 quam
833 2919 950 2977 veritati
968 2920 1084 2978 faciunt
1101 2917 1333 2998 interpretando,

241 3037 365 3079 sensum
387 3017 527 3080 habeant.
568 3040 678 3080 vanam
700 3029 802 3080 autem
822 3029 853 3078 et
870 3022 993 3078 inanem
1012 3022 1193 3079 commoveri
1212 3021 1333 3078 zosime

239 3121 443 3199 suspicionem
457 3118 663 3182 demonstrent
677 3141 712 3180 ea
723 3122 790 3180 loca
803 3139 881 3200 quae
891 3120 960 3179 labe
971 3121 1030 3180 ista
1041 3129 1190 3200 oporteret
1204 3138 1270 3180 esse
1281 3122 1334 3178 in-

242 3221 338 3300 fecta,
359 3225 386 3282 si
404 3241 510 3284 verum
529 3221 602 3304 quid
621 3222 784 3301 suspicioni
795 3223 847 3280 isti
859 3223 1004 3282 subesset.
1046 3221 1217 3302 inspicienti
1233 3241 1269 3280 ee
1282 3221 1333 3279 fa-

241 3325 299 3382 cile
312 3325 426 3403 patebit
440 3335 605 3399 auctorem,
626 3323 679 3382 ubi
693 3340 711 3381 a
724 3323 880 3402 prostratis
895 3325 1082 3383 caerimoniis
1101 3325 1235 3405 profecta
1250 3325 1333 3383 mala

240 3421 336 3501 dicat,
356 3443 419 3484 non
441 3427 551 3486 omissa
571 3441 708 3486 verarum
728 3443 886 3484 causarum
898 3427 1148 3507 pervestigatione
1162 3437 1193 3484 et
1208 3427 1333 3505 exposi-

239 3526 322 3585 tione
342 3527 476 3606 maligne
495 3524 535 3585 ad
554 3527 640 3585 illam
660 3545 782 3586 causam
803 3529 905 3587 omnia
927 3547 1093 3588 revocasse.
1140 3528 1332 3608 perspicuum

238 3644 360 3708 quoque
374 3639 419 3686 est
433 3647 503 3686 eum
515 3647 577 3688 non
589 3628 713 3706 fraude,
734 3649 814 3711 quae
831 3631 965 3690 consulto
978 3649 1050 3690 vera
1063 3632 1096 3688 in
1107 3614 1221 3690 laisum
1231 3632 1330 3706 vertit,

239 3725 295 3788 sed
308 3749 406 3788 errore
419 3731 473 3790 illo
487 3749 547 3810 quo
561 3731 679 3791 animus
692 3743 924 3812 praeoccupatae
936 3743 1038 3792 mente
1050 3734 1186 3812 opinioni
1196 3734 1330 3806 inserrit,

238 3831 414 3910 abreptum,
435 3834 610 3892 summatim
630 3832 721 3894 modu
743 3845 774 3893 et
790 3835 887 3894 obiter
904 3855 942 3894 ea
960 3836 1174 3914 interposuisse
1193 3853 1270 3916 quae
1292 3831 1330 3891 de

237 3935 327 3994 mdis
339 3935 452 3996 civitati
460 3953 516 4014 per
525 3936 683 3995 immutata
694 3955 778 3997 sacra
790 3938 916 3997 invectis
926 3939 1065 4013 sentiret3
1086 3957 1146 4020 qua
1156 3939 1188 3996 iu
1201 3957 1235 3995 re
1246 3955 1331 3995 com-

237 4053 361 4095 msmem
386 4038 474 4097 illam
498 4047 529 4098 et
548 4047 742 4119 pervagatam
762 4037 836 4096 clim
850 4039 931 4096 inter
943 4035 1078 4098 ethnicos
1090 4041 1331 4118 superstitionem

237 4149 357 4206 secutus
370 4149 432 4216 est,
454 4157 513 4220 qna
526 4140 655 4199 salutem
668 4141 822 4200 civitatum
833 4142 867 4199 in
880 4137 1004 4200 deorum
1015 4141 1144 4220 propitio
1156 4143 1279 4199 nannius
1294 4159 1331 4197 ac

238 4240 330 4299 tutela
354 4243 501 4322 positam,
529 4244 557 4302 ri
584 4245 692 4324 spretis
713 4245 806 4304 sacris
825 4263 862 4303 ao
881 4245 1059 4325 contemptis
1078 4241 1137 4304 diis
1155 4243 1330 4302 caelestium
