3025 4892
615 300 1043 383 unumne

280 481 384 539 autern
416 469 510 550 pardo
541 468 630 530 aliter
665 487 692 529 c.
721 471 763 534 11
795 468 909 530 tecm
936 469 1104 530 certamin
1132 468 1215 552 apud
1242 471 1384 532 Annia-

280 575 487 703 :bemmntqm
508 551 547 616 de
562 555 696 617 Ausonio
711 553 791 615 dicta
812 554 863 638 (c.
880 553 957 674 lii),
979 576 1016 615 ea
1030 557 1063 616 in
1076 559 1238 618 Ammiano
1251 578 1314 620 non
1328 579 1384 620 cc-

366 762 399 823 p·
416 738 477 806 164
490 761 522 800 r.
538 745 590 807 12.
632 752 753 804 exstem
767 742 801 803 in
814 743 893 804 llxc.
906 744 1013 824 Legat.
1026 743 1157 824 Eunapii
1171 743 1278 822 rerba,
1298 742 1384 806 unde

278 827 357 890 haec
372 831 466 909 potita
478 838 559 889 sunt.
601 827 649 887 Η.

362 927 405 990 tt.
423 949 455 988 r.
470 930 523 994 21.
566 931 755 1012 Μαρτιανοῦ
772 923 895 1006 πόλεως.
938 928 1081 992 viduet.
1097 927 1262 996 adllde
1276 951 1385 1016 equor.

278 1017 380 1076 collat.
423 1016 535 1074 Ritter.

307 1190 311 1196 ι
361 1140 394 1199 p.
408 1117 468 1182 185
482 1137 513 1175 v.
527 1113 559 1180 4.
602 1113 642 1175 ad
656 1117 753 1196 praef.
767 1135 814 1197 pr.
831 1117 913 1175 enim
928 1135 1047 1177 summa
1062 1117 1105 1176 rei
1121 1116 1295 1178 tributariae
1310 1140 1385 1201 per-

278 1204 407 1276 tinebat,
430 1202 482 1282 qui
506 1212 537 1260 et
555 1200 831 1282 quadrimeustruos
843 1203 950 1263 breves
961 1201 1031 1262 ideo
1043 1201 1234 1279 conficiebat,
1256 1203 1293 1264 de
1311 1211 1385 1288 qui-

277 1290 335 1348 bus
352 1287 415 1347 vid.
437 1289 483 1346 tit.
498 1307 524 1345 c.
539 1284 601 1346 Th.
616 1287 682 1346 etl.
701 1290 761 1353 173
777 1286 815 1346 de
831 1286 932 1347 decur.
975 1285 1026 1346 hic
1045 1289 1137 1347 etiam
1157 1286 1319 1349 dicendum
1343 1292 1384 1351 de

279 1375 424 1452 portubus
439 1369 727 1452 expeditionalibus,
750 1371 788 1432 de
804 1373 912 1456 quibus
926 1371 989 1436 vid.
1003 1371 1025 1433 l.
1039 1377 1060 1438 2
1073 1393 1100 1433 c.
1112 1371 1177 1435 Th.
1191 1372 1229 1434 de
1242 1377 1384 1458 naufrag.

280 1461 314 1516 in
333 1461 450 1519 comm.
493 1458 604 1516 Rtuer.

364 1579 397 1640 p-
412 1543 472 1623 18'6
487 1579 516 1618 v.
531 1563 563 1623 ἲ.
606 1567 810 1618 convenenmt
827 1558 938 1618 Valens
957 1567 987 1617 et
1001 1555 1223 1622 Athanarichus
1240 1563 1383 1645 colloquii

282 1659 389 1721 caum,
412 1646 445 1703 in
460 1645 527 1724 ipso
543 1645 666 1702 flumine
678 1647 755 1703 Istro
770 1645 897 1703 navibus
910 1646 999 1702 vecti.
1042 1647 1071 1705 ei
1091 1647 1135 1705 rei
1147 1649 1281 1706 interfuit
1293 1647 1383 1707 The-

281 1731 416 1804 mistius,
439 1732 493 1810 qui
514 1729 609 1808 (orat.
625 1728 683 1809 10)
705 1732 920 1810 imperatorem
930 1730 968 1788 ob
985 1731 1092 1789 initam
1104 1743 1175 1792 tunc
1189 1752 1259 1791 cum
1273 1732 1383 1796 Gothis

280 1835 389 1898 pacem
400 1817 520 1894 magnis
535 1813 676 1874 laudibus
692 1817 823 1875 extollit.
866 1817 905 1874 cl.
921 1817 1074 1875 Ammian.
1087 1817 1110 1876 l.
1125 1837 1152 1876 c.

370 1916 413 1977 ib.
459 1919 600 2020 convenit
622 1918 715 1976 etiam
735 1917 933 1995 tributorum,
954 1928 1042 1977 antea
1055 1917 1189 1980 barbaris
1201 1918 1381 2000 solutorum,

280 2023 734 2152 Ὕ.Ρξι;ι.οῃῖ1ῗ.Μοᾰεεω
748 2084 812 2146 vid.
823 2088 1001 2169 Pruscpogr.
1016 2109 1042 2148 c.
1055 2085 1120 2152 Th.

363 2170 520 2237 th.v.15.
562 2171 872 2238 ct.lm1ntan.307.

363 2257 406 2316 ib.
424 2259 520 2320 v.19.
552 2253 791 2317 'valentinianus
825 2276 881 2315 sen
914 2256 1095 2316 Valentinus
1124 2258 1250 2338 qualium
1280 2259 1382 2339 gravis

279 2341 433 2425 quondam
455 2359 555 2403 noxae
578 2340 737 2402 damnatur
760 2352 790 2400 et
811 2342 844 2400 in
866 2343 1064 2402 Britanniam
1084 2355 1183 2417 acum,
1204 2345 1382 2426 priusquam
1479 2369 1480 2396 t

280 2439 385 2507 coepta
406 2438 577 2507 perageret,
600 2447 619 2486 a
641 2423 833 2502 Theodosio,
856 2423 895 2485 ad
920 2428 1113 2488 barbarorum
1132 2431 1176 2488 ibi
1193 2431 1380 2490 incursiones

202 2571 209 2580 ,
280 2514 456 2573 avertendas
474 2515 586 2590 misso,
612 2510 845 2594 comprehensus
860 2521 890 2571 et
903 2493 1051 2594 subplicio
1066 2514 1189 2575 affectus
1204 2526 1260 2576 est.
1301 2518 1381 2576 Am-

278 2602 372 2660 mifln·
390 2602 434 2664 28
454 2603 485 2662 8·
804 2658 808 2672 ,

363 2704 395 2764 p.
411 2686 472 2750 187
485 2702 516 2742 v.
530 2680 563 2747 4.
607 2682 766 2741 Gratianus
780 2701 842 2742 non
859 2692 980 2764 accepta
997 2692 1082 2762 ants,
1105 2694 1222 2746 nimos
1239 2685 1381 2768 antIqttus

280 2780 362 2846 erat,
385 2769 519 2829 Caesaris
535 2765 680 2846 dignitate
693 2771 857 2847 imperator
871 2765 967 2830 dictur
983 2779 1039 2830 est.
1478 2815 1479 2850 ,

363 2853 406 2913 tl.
422 2875 453 2913 v.
467 2855 499 2918 6.
542 2855 737 2914 Ammiannst
756 2853 1093 2934 adtdtot'amprt'mum.
1129 2862 1226 2916 aetate
1239 2865 1305 2916 octo
1319 2873 1380 2916 an·
1478 2871 1479 2876 ’

278 2940 469 2998 uorumfuit.

367 3022 409 3083 ib.
425 3043 456 3085 v.
473 3020 523 3088 tl.
567 3017 637 3080 data
651 3019 706 3080 lex
717 3021 762 3080 ibi
774 3019 864 3088 19110
878 3024 969 3104 episc.
1011 3021 1074 3086 vid.
1090 3025 1155 3085 etl.
1170 3027 1211 3090 63
1224 3007 1263 3084 de
1275 3022 1380 3088 decnr.

367 3192 409 3252 ib.
425 3213 455 3252 v.
469 3195 520 3257 16.
562 3191 661 3251 Persis
668 3192 844 3252 Anneniam
856 3189 998 3252 invadere
1011 3191 1107 3253 avidis
1117 3195 1378 3276 imperatorhrin-

281 3275 352 3338 theo
377 3278 452 3338 duce
475 3279 576 3358 copias
596 3288 785 3358 opposuerat.
828 3279 937 3337 Persae
964 3291 1164 3358 opportunum
1190 3281 1378 3362 exsequendi

281 3366 399 3424 consilii
411 3375 530 3442 tempus
542 3365 638 3435 nacti,
660 3383 730 3421 cum
743 3364 895 3422 Romanos
909 3366 1026 3444 quietos
1041 3376 1070 3423 et
1084 3385 1101 3424 a
1117 3363 1308 3434 dimicatione
1322 3367 1378 3426 ab·

280 3453 425 3507 atiueutes
436 3447 586 3508 hostiliter
597 3447 693 3506 adorti
705 3457 814 3522 essent,
836 3467 947 3528 magua
960 3448 1043 3509 clade
1054 3451 1115 3510 fusi
1127 3451 1282 3534 fugatique
1296 3461 1378 3512 sunt.

279 3535 433 3592 Ammian.
452 3536 492 3596 27
516 3534 566 3597 12.
610 3533 649 3589 cf.
664 3531 814 3591 Themist.
831 3552 875 3591 cr.
896 3539 944 3596 11.
970 3599 978 3618 ⁸

363 3617 405 3676 tt.
423 3638 453 3676 v.
471 3619 522 3680 19.
564 3612 720 3676 Theodori
743 3617 910 3676 secundum
928 3619 1007 3677 inter
1027 3621 1159 3679 notarios
1179 3618 1309 3700 gradum
1329 3631 1378 3680 te-

278 3705 379 3762 nentis
394 3722 494 3762 mores
507 3700 664 3761 adumbrat
678 3705 831 3761 Ammian.
847 3707 888 3766 29
913 3707 941 3766 1.

363 3787 406 3848 ib.
422 3792 518 3854 r.22.
560 3789 660 3846 variae
682 3797 712 3846 et
734 3787 937 3867 discrepantes
957 3807 1006 3846 res
1026 3785 1193 3848 traduntur.
1237 3791 1276 3850 cf.
1299 3795 1377 3850 Am-

150 3911 166 3928 .
277 3876 371 3932 mian.
391 3876 432 3939 29
456 3877 485 3936 1.
528 3869 566 3932 de
585 3875 753 3952 praestigiis
771 3895 832 3933 non
850 3874 947 3951 tnagis
964 3877 1101 3932 convenit
1116 3877 1377 3956 interscriptores.

279 3962 458 4018 Ammianus
466 3960 487 4015 l.
497 3978 522 4016 c.
536 3979 600 4018 rem
613 3957 650 4018 de
662 3961 799 4018 mensula
812 3959 944 4037 explicat
957 3970 986 4017 et
1000 3959 1090 4017 simul
1102 3957 1377 4042 τραπεζομᾳντικήν

280 4043 431 4104 describit.
475 4043 557 4124 quod
579 4042 620 4102 ad
642 4045 774 4126 reliquos
798 4047 917 4119 attinet,
939 4045 971 4104 in
992 4042 1109 4122 tripode
1135 4050 1285 4126 conspirat
1306 4067 1375 4106 cum

279 4131 402 4190 Zosimo
424 4131 608 4190 Sozomenus
630 4132 649 4192 6
671 4131 729 4205 85,
754 4131 838 4188 cuius
862 4129 952 4188 verba
975 4139 1131 4189 annotasm
1153 4131 1298 4206 sufficiat,
1321 4132 1376 4212 qui

279 4215 407 4292 gentiles
431 4211 628 4294 philosophos
653 4215 717 4272 fere
737 4233 843 4273 omnes
866 4234 902 4274 eo
922 4223 1058 4294 tempore
1081 4216 1186 4295 capitis
1208 4217 1376 4296 pericnlum

281 4295 390 4359 adiisse
404 4309 506 4359 narrat
520 4301 695 4380 contagione
709 4301 843 4361 criminis
856 4319 898 4360 ex
910 4301 1036 4380 magicis
1052 4299 1165 4363 artibus
1179 4297 1271 4362 ducti.
1293 4299 1377 4386 quod
