3025 4892
262 300 336 373 196
622 344 627 355 ·
733 296 885 366 ZOSllss

260 472 440 558 διαδραμών
456 472 503 537 ἐπὶ
520 470 582 555 τὴν
593 464 917 536 Κωνσταντινοόπολιν
930 466 994 553 ᾔει,
1019 465 1186 532 κόντεῦθεν
1204 465 1252 531 ἐπὶ
1272 462 1361 555 Θρᾴ-

258 602 316 661 κης
338 574 464 663 ἐχώρει,
482 573 535 638 τὸν
548 574 625 661 πρὸς
635 572 707 650 τοὺς
723 570 914 654 αὐτομόλους
926 569 1055 646 Σκόθας
1069 565 1290 654 ἀγωνιοόμενος
1301 566 1361 633 πό-

260 682 363 762 λεμον.
412 675 519 755 ἐξιόντι
540 677 575 742 δέ
589 684 633 763 τῷ
649 678 845 763 στρατοπέδῳ
861 676 911 739 καὶ
929 674 1014 760 αὐτῷ
1028 674 1062 737 δέ
1076 678 1121 760 τῷ
1133 678 1259 754 βασιλεῖ
1269 673 1360 759 τέρας

258 782 354 869 ὤφθη
377 778 505 847 τοιόνδε,
556 776 723 865 όνθρώπυυ
745 805 776 844 τι
800 785 910 862 σκῆνος
932 775 1030 864 ἐφάνη
1045 776 1125 840 κατὰ
1140 775 1196 860 τὴν
1211 773 1357 841 ὃδδνκεέι

257 910 364 967 μενον,
389 883 425 949 'cd
441 886 497 967 μέν
514 882 589 949 ἄλλο
607 882 688 948 ἅπαν
706 883 848 966 σἰκένητον
863 884 920 945 καὶ
931 879 991 945 sind
1008 885 1145 965 κεφαλῆς
1157 885 1384 963 μεμαστιγωδ

256 989 337 1076 μένῳ
353 986 424 1073 όχρι
437 990 539 1053 ποδῶν
553 984 664 1066 ἐοικός,
689 984 803 1068 μόνους
820 985 853 1050 δι’
867 983 939 1061 τοὺς
952 982 1138 1071 όφθαλμοδς
1153 982 1357 1069 ἀνεῳγμένους

257 1090 342 1175 έχον,
367 1092 572 1173 ἐμβλέποντας
588 1100 652 1166 τοῖς
673 1086 899 1173 πλησιάζουσιν.
950 1088 1013 1152 ἐπεὶ
1035 1088 1069 1151 δέ
1084 1096 1147 1162 τοῖς
1161 1088 1297 1170 ἐρωτῶσι
1311 1087 1356 1163 τίς

252 1220 287 1260 τε
306 1194 350 1279 εἴη
367 1198 418 1258 καὶ
434 1192 548 1272 πόθεν,
570 1192 592 1277 ἢ
608 1193 694 1280 παρὰ
706 1196 788 1267 τένος
801 1198 899 1257 ταῦτα
913 1188 1028 1268 πόθοι,
1054 1186 1248 1253 παντόπασιν
1267 1190 1355 1253 οὐδέν

254 1298 435 1383 ἀπεκρίνατο
443 1344 453 1377 ,
476 1299 644 1381 τερατῶδες
657 1293 731 1361 εἶναι
745 1296 924 1378 νομίσαντες
941 1294 1095 1370 ἐπέδειξαν
1109 1294 1219 1379 καὶτῷ
1232 1298 1358 1376 βασιλεῖ

252 1398 403 1489 παριόντι.
453 1402 509 1466 τοῦ
527 1401 560 1464 δέ
582 1390 639 1477 τδς
658 1399 755 1475 αὐτὰς
770 1396 889 1475 πεόσεις
901 1392 1148 1482 προσαγαγόισος
1159 1395 1247 1460 onidis
1261 1386 1351 1478 ἧττον
1360 1406 1397 1458 10

253 1502 377 1590 ἄφωνος
390 1493 439 1587 ἦν,
456 1502 524 1568 οδτε
539 1504 592 1587 ζῆν
603 1505 761 1585 νομισθεὶς
773 1502 825 1567 διδ
836 1500 871 1565 τό
885 1507 947 1565 πᾶν
959 1499 993 1566 τδ
1009 1506 1101 1581 σῶμα
1111 1499 1251 1583 όκένητος
1264 1496 1350 1579 εἶναι,

251 1606 320 1671 οὔτε
345 1603 489 1672 τεθνάναι
514 1606 638 1687 τελέως,
664 1606 767 1688 ἐπειδὴ
782 1608 939 1692 ἐρρῶσθαι
953 1603 989 1669 τὸ
1003 1603 1128 1685 βλέμμα
1142 1600 1249 1667 ἐδόκει.
1299 1606 1350 1668 καὶ

248 1712 366 1794 γέγονεν
390 1708 504 1796 ἀφανές
527 1708 615 1797 ἄφνω
640 1710 676 1775 sd
701 1711 800 1794 τέρας.
851 1714 913 1773 τῶν
934 1698 989 1772 οὖν
1010 1702 1217 1793 περιεστώτων
1231 1708 1299 1791 περὶ
1313 1704 1349 1771 td
1375 1787 1380 1807 .

242 1814 397 1896 ’πρακτέον
408 1812 625 1901 ἀπορουμένων
636 1814 823 1895 συνέβαλλον
836 1811 866 1875 οἱ
878 1811 917 1876 τὰ
930 1816 1057 1877 τοιαῦτα
1072 1811 1244 1894 ἐξηγεῖσθαι
1257 1811 1348 1875 δεινοὶ

245 1914 303 1998 τὴν
319 1917 462 2000 ἐσομένην
478 1912 661 2001 προμηνύειν
675 1923 731 1999 τῆς
745 1917 897 1991 πολιτείας
911 1911 1097 1979 κατάστασιν
1102 1959 1113 1992 ,
1139 1911 1186 1977 ὅτι
1202 1938 1235 1977 τε
1250 1917 1345 1997 πλητ-
1355 1924 1389 1979 16

246 2016 358 2099 τόμινα
371 2021 422 2083 καὶ
434 2018 662 2103 μαστιγοόμενα
675 2018 838 2084 διατελέσει
850 2016 891 2082 τὰ
903 2014 1079 2102 πράγματα,
1095 2023 1348 2102 ψυχορραγοῦσα

241 2120 384 2200 ἐοικότα,
409 2123 514 2208 μέχρις
538 2119 576 2187 δν
601 2128 640 2208 τῇ
657 2128 718 2187 τῶν
737 2120 893 2208 ἀρχόντων
911 2122 962 2184 καὶ
981 2116 1237 2204 ἐπιτροπευόντων
1254 2122 1346 2209 κακέηι

243 2222 352 2301 τελέως
370 2226 518 2311 φθαρειή.
569 2231 658 2291 τοῦτο
678 2226 734 2307 μὲν
759 2216 831 2303 osis,
856 2220 1001 2289 ἐπιόντων
1018 2218 1107 2306 ἡμῶν
1121 2221 1159 2286 τὰ
1173 2223 1253 2287 καθ’
1272 2225 1344 2287 ἐκα-

243 2352 319 2407 στα,
347 2327 404 2392 σδν
419 2327 550 2416 ἀληθείη
565 2326 733 2415 φανήσεται
748 2326 994 2414 προαγορευθέν·
1045 2326 1141 2409 (22)
1166 2321 1184 2389 ό
1202 2326 1236 2390 δέ
1249 2333 1343 2407 βασι-

129 2426 131 2433 ’
242 2430 311 2507 λεδς
335 2428 459 2513 Οὐάλης
481 2432 674 2514 ληϊζομένους
695 2428 754 2513 ἤδη
779 2430 834 2513 τὴν
858 2427 985 2519 Θρᾴκην
1002 2434 1106 2496 πᾶσαν
1123 2428 1196 2505 τοδς
1213 2428 1385 2507 Σκόθαςθ)

240 2530 413 2615 θεώμενος,
439 2532 514 2617 ἐγνω
529 2534 603 2611 toric
618 2535 652 2598 ἐκ
668 2540 723 2618 τῆς
738 2531 818 2621 ἑῴας
833 2532 889 2598 σόν
906 2533 991 2620 αὐτῷ
1007 2533 1267 2618 παραγενομένους
1291 2536 1341 2598 καὶ

239 2635 397 2720 μάχεσθαι
420 2636 498 2719 μεθ’
519 2639 621 2703 ἵππων
637 2634 873 2723 ἐμπειροτάτους
886 2644 923 2724 τῇ
938 2643 1000 2702 τῶν
1014 2640 1147 2701 Σκυθῶν
1160 2637 1248 2726 ἵππφ
1263 2634 1340 2723 πρό-

307 2826 477 2956 διόκέηητον
492 2834 518 2885 ll
536 2848 583 2905 pro
600 2832 706 2903 vulgato
723 2828 880 2903 εόκένητον.
950 2834 985 2887 10
1000 2826 1122 2902 παρόντι
1135 2830 1169 2887 P.
1239 2832 1272 2887 18
1288 2849 1338 2886 ro-

306 2918 376 2970 χεας
433 2918 528 2971 margo.

233 3079 353 3157 poteret²
372 3072 532 3144 compositis,
549 3074 685 3129 Antiochls
700 3074 792 3129 cursim
803 3074 853 3128 lter
864 3088 981 3129 emensus
992 3072 1093 3145 Cpolim
1104 3074 1173 3142 abit,
1187 3076 1266 3143 atque
1276 3072 1336 3127 inds

235 3145 323 3214 porgit
344 3161 370 3195 1n
391 3144 545 3209 Thraciam,
572 3144 663 3197 bollum
687 3145 812 3197 adsersus
834 3145 946 3210 Scythas
965 3144 1021 3196 illos
1039 3146 1187 3211 moringas
1205 3154 1334 3209 gesturus.

235 3228 355 3279 egressus
374 3222 459 3265 autern
477 3214 603 3297 exercitus
617 3220 648 3297 et
665 3213 850 3297 ipsoprinoeps
861 3212 1002 3295 huiusmodi
1013 3219 1158 3294 portentum
1170 3229 1334 3280 conspexere.

233 3280 1334 3420 tiltntltttnlttllttlt:tttltltltt’tttlllttf’ttt

234 3418 322 3469 oculos
341 3424 440 3469 tuntum
460 3424 563 3487 opertos
580 3420 691 3488 habens,
716 3419 760 3487 qui
780 3418 886 3488 propius
904 3420 1056 3472 accedentes
1072 3419 1240 3472 intuerentur.
1275 3433 1332 3472 cum

233 3494 316 3539 autem
328 3484 546 3553 interrogantibus
558 3488 614 3555 quis
626 3501 695 3540 esset
706 3498 733 3540 et
743 3489 820 3555 unde,
836 3495 889 3539 tum
900 3505 915 3539 a
926 3504 977 3557 quo
987 3488 1070 3541 istaeo
1083 3504 1219 3557 perpessus
1232 3489 1333 3553 luisset,

232 3555 295 3607 nihil
308 3554 408 3606 omniuo
419 3556 596 3625 responderat,
615 3558 784 3627 prodigiorum
798 3556 916 3625 quiddam
927 3556 978 3608 rati
989 3556 1065 3609 etiam
1077 3558 1250 3626 praetereunti
1261 3558 1333 3626 prin·

231 3624 282 3693 oipi
300 3632 506 3678 commonstrant.
542 3640 599 3677 oum
616 3626 691 3679 is·de
703 3628 779 3679 robus
789 3626 878 3678 iisdem
890 3625 1088 3693 interrogasset,
1105 3626 1264 3678 nihilominus
1275 3644 1332 3678 rnu-

123 3694 128 3709 '
231 3701 275 3746 tus
287 3700 352 3755 erat,
369 3710 418 3745 nec
428 3694 586 3747 existimatus
597 3695 696 3763 rivere,
714 3695 783 3764 quod
794 3695 938 3746 mriversum
949 3710 1043 3763 eorpus
1054 3712 1148 3763 expers
1158 3704 1227 3749 esset
1237 3703 1330 3764 motos,

232 3778 280 3815 neo
291 3762 392 3828 integra
403 3770 525 3828 mortuus,
538 3765 639 3833 quando
650 3764 791 3817 inoolumes
801 3764 870 3816 oculi
881 3778 939 3815 eoae
948 3762 1106 3815 riderentur.
1129 3764 1232 3816 tandem
1243 3765 1329 3818 subito

231 3838 377 3903 portentum
390 3832 437 3883 boo
449 3833 560 3885 evanuit.
587 3834 673 3902 itaque
684 3850 739 3886 oum
751 3833 771 3884 ii
781 3833 826 3953 ηαί
836 3832 1042 3900 circumstabant,
1053 3832 1113 3900 quid
1124 3833 1250 3899 egendum
1261 3841 1331 3887 meet

230 3900 404 3971 ambigerent,
423 3900 536 3956 homines
548 3901 574 3953 in
588 3902 745 3973 exponendis
759 3910 786 3954 ta
797 3902 854 3955 ibus
864 3901 986 3969 ingeniosi
1002 3910 1097 3954 statum
1108 3901 1145 3953 rei
1156 3903 1273 3970 pubiioae
1287 3906 1329 3955 lu·

228 3977 315 4021 turum
330 3970 449 4038 portendi
464 3970 600 4037 dicebant,
618 3971 738 4040 quodque
748 3970 871 4023 duratura
883 3977 953 4023 esset
962 3987 1046 4024 rerum
1057 3988 1189 4024 caesorum
1201 3980 1229 4023 et
1239 3971 1328 4039 flagris

228 4040 404 4090 oonieotarum
415 4040 509 4105 facies,
525 4040 632 4093 animam
644 4038 822 4094 exhalantibus
831 4039 931 4106 similis,
948 4040 1031 4093 donec
1042 4040 1232 4108 magistratuum
1242 4050 1269 4093 et
1281 4041 1327 4093 ad-

227 4105 421 4159 ministrantium
432 4109 597 4178 improbitate
609 4124 713 4178 prorsus
723 4108 872 4162 interiisset.
906 4118 983 4179 atque
995 4111 1060 4162 baeo
1071 4109 1144 4162 nobis
1153 4109 1253 4176 shrgola
1265 4128 1327 4180 per·

226 4172 394 4228 lustrantibus
407 4195 469 4229 voro
479 4176 636 4247 praediolum
648 4179 790 4248 apparebit.
826 4177 900 4247 (22)
915 4179 1012 4232 Valens
1022 4185 1106 4232 autem
1116 4178 1263 4246 imperator,
1281 4176 1326 4247 qui

224 4242 275 4294 ism
298 4244 410 4310 Soytlius
431 4246 574 4299 universam
591 4247 728 4300 Threciam
743 4246 893 4317 depopulari
904 4255 1037 4313 cerneret,
1053 4248 1145 4301 statuit
1155 4264 1201 4299 eos
1212 4263 1277 4316 quos
1291 4263 1327 4302 ex

225 4309 334 4365 Oriente
343 4328 429 4366 aecum
441 4315 592 4385 adduxerat,
609 4332 643 4370 ex
654 4317 725 4400 equis
736 4318 867 4389 pugusndi
877 4318 1052 4389 peritissimos,
1064 4316 1093 4373 ia
1104 4315 1245 4389 equitatum
1255 4317 1326 4388 Sog-
