3025 4892
1130 221 1138 234 '
1233 229 1251 274 '0

238 291 312 366 110
668 302 675 310 '
712 291 865 362 zoslnn

233 465 323 556 τίρου
345 463 448 533 τοίνυν
467 456 602 552 κήρυκας
621 466 691 555 περί
708 461 821 534 τοάτυυ
847 463 925 554 πρδς
945 463 1141 554 Βετρανίωνα
1164 468 1336 547 στείλαντος

235 574 330 638 είλετο
349 571 553 658 Κωνσταντίῳ
565 568 684 635 θέσθαι
697 576 817 654 μᾶλλον
831 569 852 655 ἢ
865 572 1058 658 Μαγνεντίῳ.
1108 578 1171 639 τοῖν
1187 564 1241 637 oio
1255 575 1335 638 Μα-

233 677 366 762 γνεντίου
381 675 536 762 πρέσβεων
551 671 815 763 ἀναχωρησάντων
833 671 997 764 ἀπράκτων
1011 681 1170 742 συνελθεῖν
1186 679 1229 754 είς
1242 676 1336 742 ταίιτδ

234 780 273 846 τά
291 777 483 866 στρατόπεδα
500 776 714 856 Κωνστάντιος
729 775 909 866 παρεκάλει,
932 783 984 844 καί
1003 779 1124 864 σκέμμα
1145 781 1245 846 κοινὸν
1268 782 1337 867 περί

234 889 292 948 τοῦ
306 883 384 970 πρὸς
395 883 587 968 Μαγνέντιον
598 889 787 970 προτεθῆναι
801 885 946 966 πολέμου.
994 885 1207 970 παραχθέντας
1222 885 1256 950 δέ
1275 887 1330 950 Βε-
1343 895 1359 950 6

234 988 400 1074 τρανίωτυς
412 995 477 1063 τοῖς
493 987 709 1052 Κωνσταντίου
724 985 842 1072 λόγοις,
869 989 917 1052 ἐπὶ
928 984 1069 1072 βήματάς
1084 1014 1165 1065 τινος
1177 989 1225 1052 ἐπὶ
1238 985 1337 1077 τούτῳ

234 1090 537 1168 κατασκευασθέντος
550 1089 713 1174 άνίβησαν.
762 1089 977 1169 Κωνστάντως
989 1094 1090 1157 τοίνυν
1103 1091 1206 1175 λαχὼν
1217 1097 1339 1178 πρῶτος

236 1197 327 1259 εἰπεῖν
353 1193 405 1258 διδ
427 1194 531 1279 γένους
554 1194 697 1274 ἀξίωσιν,
722 1202 881 1278 πανταχοῦ
894 1203 956 1262 ταῖν
970 1193 1067 1282 λόγων
1080 1202 1135 1280 τῆς
1150 1202 1205 1261 τοῦ
1222 1194 1338 1282 πατρὸς

235 1298 435 1382 ἀνεμίμνησκε
447 1298 519 1375 τσδς
531 1297 722 1383 στρατιώτας
735 1302 912 1387 φιλοτιμίας
924 1303 976 1365 καί
991 1306 1053 1366 τοῖν
1067 1297 1166 1387 ὅρκων
1182 1297 1236 1376 οὓς
1252 1299 1337 1381 δμω-

234 1401 382 1484 μδκασιν,
407 1393 427 1484 ἦ
449 1402 511 1484 μὴν
535 1400 654 1468 είίνοιαν
674 1415 739 1480 τοῖς
756 1401 868 1470 τοάτου
890 1401 1035 1490 ηυλάξειν
1055 1404 1175 1482 παισίν,
1200 1405 1285 1487 ἠξίου
1304 1429 1335 1468 τε
1347 1413 1379 1464 10

234 1508 280 1590 μή
304 1507 447 1593 περιιδεῖν
476 1506 583 1592 ἀθῷον
615 1506 834 1592 ἀναχωροῦντα
863 1509 1070 1594 Μαγνέντιον,
1103 1509 1336 1572 Κωνσταντίνου

235 1608 346 1687 παιδὸς
366 1608 441 1675 ὅντα
464 1611 577 1697 ηυνία,
597 1611 674 1694 μεθ’
700 1602 738 1675 οδ
764 1613 896 1690 πολλοῦς
916 1612 1068 1695 πολέμους
1089 1607 1270 1696 διεπάνησαυ
1287 1611 1339 1674 καὶ

235 1716 390 1800 μεγίσταις
403 1713 595 1798 ἐτιμήθησαν
608 1718 746 1802 δωρεαῖς.
796 1716 914 1782 τούτων
927 1714 1088 1800 ἀκηκοότες
1102 1715 1130 1780 οἷ
1143 1721 1337 1802 στρατιῶται,

235 1819 525 1904 προκατείλημμίνσι
547 1845 579 1884 τε
601 1817 714 1906 δώροις
733 1816 840 1904 άδροῖς
851 1869 861 1900 ,
895 1819 936 1885 τά
956 1823 1087 1903 κίβδηλα
1105 1825 1160 1902 τῆς
1182 1819 1340 1902 βασιλείας

236 1920 400 2005 ἐξεβόησαν
416 1923 657 2008 ίκκαθαίρεσθαι
666 1970 677 2001 ,
703 1924 754 1986 καὶ
773 1921 838 2005 ἅμα
855 1925 1050 2008 Βετρανίωνα
1068 1928 1123 2004 τῆς
1140 1924 1273 2004 ἐσθῆτος
1288 1922 1379 1985 tar-15

237 2022 382 2100 δαίσαντες
404 2022 574 2108 κατήγαγον
595 2027 629 2090 lx
650 2032 707 2090 tori
727 2024 870 2109 βήματος
891 2023 1024 2109 ίδιιάτην.
1076 2021 1291 2100 Κωνστάντιος
1305 2024 1340 2088 δὲ

237 2127 325 2192 οὐδὲν
344 2127 438 2214 ἄχαρι
459 2135 571 2193 παθεῖν
589 2127 684 2193 αὐτὸν
700 2127 902 2216 συγχωρήσας
916 2130 1017 2193 ἐδίδου
1030 2129 1100 2209 βίον
1115 2127 1200 2216 αὐτῷ
1218 2128 1339 2214 διατρί-

234 2237 321 2313 βοντι
338 2231 417 2296 κατὰ
430 2231 486 2314 τήν
501 2235 654 2296 Βιθυνίαν
671 2232 834 2318 ἀρκοῦντα.
886 2235 937 2298 καί
957 2231 1046 2316 βιοδς
1061 2231 1093 2296 δν
1108 2228 1205 2318 ταάτη
1226 2227 1339 2318 χρόνον

236 2335 292 2399 orie
308 2335 384 2417 έχων
398 2333 441 2400 ξ’τι
457 2333 623 2420 πράγματα
638 2332 836 2420 τετελεύτηκε.

337 2433 397 2505 45.
451 2436 561 2526 Τοάτῳ
583 2445 629 2527 τηῖ
649 2437 754 2528 τρόπῳ
773 2445 828 2524 τῆς
844 2437 924 2505 κατά
939 2440 1147 2526 Βετρανίωυος
1162 2433 1282 2520 ἀπάτης
1295 2437 1380 2512 atero

129 2567 154 2607 ι.
170 2537 327 2626 351έργον
352 2538 500 2624 ίκβάσης,
532 2543 581 2606 tut
601 2543 795 2628 Μαγνέντιον
816 2541 949 2608 ίλαάνων
973 2540 1188 2618 Κωνστάντιος
1207 2537 1338 2618 Γάλλον,

236 2643 310 2710 ὄντα
323 2651 380 2710 τοῦ
395 2647 483 2709 θείου
497 2647 610 2728 παῖδα,
626 2647 794 2714 Ἰουλιανοῦ
811 2649 844 2714 δὲ
858 2653 915 2714 τοῦ
927 2647 1006 2732 μετὰ
1022 2653 1120 2715 ταῦτα
1134 2641 1340 2730 βασιλεύσαν-

307 2842 340 2896 11
357 2835 415 2909 νδ]
430 2836 501 2910 μήτε
515 2839 583 2896 usn

232 3010 324 3079 itaque
344 3026 400 3062 cum
420 3014 529 3080 uterque
547 3011 651 3080 legatos
665 3012 699 3066 ad
711 3012 894 3067 vetranionem
906 3013 955 3065 hoc
964 3011 1064 3066 nomine
1075 3009 1197 3076 misisset,
1215 3007 1259 3061 ille
1270 3005 1339 3059 Con·

237 3081 330 3134 stuntio
341 3097 417 3148 quom
428 3080 580 3148 Magnentio
592 3081 680 3134 meluit
691 3083 817 3136 assentiri.
852 3083 895 3134 ubi
907 3085 984 3135 rebus
995 3081 1095 3134 inseetis
1106 3077 1250 3148 Magnentii
1261 3076 1340 3194 lopati

238 3149 431 3213 discessissent,
458 3149 623 3204 Constantius
644 3153 750 3221 petebat
760 3161 788 3204 ut
799 3153 825 3204 in
837 3167 912 3202 unum
925 3151 1014 3219 copiae
1029 3153 1198 3215 cogerentur,
1217 3155 1243 3198 et
1256 3163 1288 3215 pu
1310 3145 1341 3196 li-

237 3235 295 3271 cum
313 3219 346 3270 de
361 3218 475 3286 gerendo
492 3227 582 3271 contra
593 3220 769 3288 Magnentium
780 3221 847 3274 bello
859 3221 988 3272 consilium
1000 3220 1146 3270 haberetur.
1183 3215 1342 3269 vetranione

237 3289 383 3341 Constantii
403 3287 491 3339 uerbis
511 3288 635 3357 decepto,
664 3289 790 3358 quoddam
801 3291 826 3342 in
838 3289 947 3341 tribunal
963 3289 1011 3340 bac
1022 3289 1079 3406 ipsa
1090 3285 1123 3337 de
1134 3301 1211 3338 censs
1223 3289 1341 3356 peretum

237 3357 432 3410 adscenderunt.
468 3357 649 3423 Constantius,
667 3357 777 3426 priorem
799 3358 899 3411 dicendi
919 3359 1001 3410 locum
1021 3375 1036 3408 ο
1073 3356 1176 3423 generis
1191 3353 1342 3422 dignitatem

237 3425 344 3493 nectus,
362 3425 432 3476 nulla
443 3442 493 3476 non
505 3424 627 3477 orationis
638 3435 713 3496 perte
724 3427 844 3482 militibus
855 3427 1033 3480 liberalitatem
1045 3418 1176 3494 paterne'm
1188 3424 1220 3476 ad
1232 3423 1342 3476 ausimum

238 3511 362 3547 revocare
380 3509 437 3543 cum
456 3493 488 3544 iis
504 3496 684 3560 recrementis,
704 3497 798 3565 quibus
815 3505 903 3550 sancte
921 3495 1098 3566 promisissent
1109 3493 1176 3547 omni
1187 3511 1216 3546 se
1228 3495 1342 3545 benevo-

238 3564 316 3616 lentis
337 3562 404 3614 lilios
422 3560 502 3630 ipsius
522 3563 711 3632 complexur0s;
729 3567 803 3619 simul
822 3573 910 3635 petere
929 3583 961 3617 ne
980 3564 1181 3631 committerent,
1200 3569 1230 3614 ut
1241 3563 1342 3632 impune

239 3631 403 3699 Magnentius
419 3631 558 3695 erederet,
576 3633 619 3700 qui
631 3633 794 3687 Constantini
805 3635 882 3688 filiunt
894 3634 1046 3700 occidisset,
1064 3649 1172 3702 quocum
1184 3633 1263 3684 multa
1275 3631 1342 3682 bella

236 3701 407 3752 coniecissent
417 3709 445 3752 et
455 3717 471 3750 a
482 3718 533 3768 quo
544 3703 690 3754 muneribus
701 3703 787 3756 affecti
804 3704 917 3756 unanimis
928 3710 1024 3757 essent.
1060 3704 1123 3756 haec
1135 3703 1178 3754 ubi
1190 3701 1282 3753 milites
1296 3715 1343 3750 eu-

188 3801 193 3804 -
237 3769 373 3832 sivissent,
392 3770 481 3838 opimis
501 3769 551 3821 iam
569 3779 629 3823 ante
646 3772 718 3824 deiris
735 3773 869 3842 occupati,
887 3773 1043 3824 adulterinos
1062 3772 1229 3841 imperatores
1247 3785 1342 3838 expur-

238 3838 336 3906 gandas
348 3855 405 3890 csse
418 3840 566 3890 clamarunt.
602 3840 675 3892 simul
686 3850 791 3894 exutum
805 3858 918 3912 purpure
929 3841 1111 3894 vetranionem
1124 3838 1243 3892 tribunali
1255 3839 1341 3888 ‹letra-

238 3909 317 3969 hunt,
342 3915 371 3958 ut
390 3907 504 3976 privatus
524 3910 631 3962 vireret.
667 3911 834 3964 Constantius
852 3920 951 3976 nutem,
970 3911 1032 3962 nihil
1049 3927 1139 3980 pessus
1151 3910 1176 3960 in
1186 3908 1255 3960 illuns
1272 3903 1341 3956 ‹lesi-

239 3975 312 4046 gnari
332 3977 451 4044 gravius,
470 3976 496 4028 in
519 3979 638 4045 Bithynia
656 3981 732 4032 vitan
753 3981 865 4049 exigenti
883 3988 1009 4050 sumptum
1028 3997 1072 4051 pto
1088 3980 1159 4030 victu
1172 3975 1341 4028 necessarium

238 4047 388 4114 assignavit.
421 4047 464 4098 ubi
477 4063 531 4098 cum
544 4048 578 4099 ad
589 4056 689 4130 tempus
701 4050 802 4119 aliquod
813 4058 945 4120 superstes
956 4051 1048 4102 luisset
1058 4048 1167 4116 negotiis
1179 4053 1206 4098 et
1218 4043 1285 4096 curis
1297 4059 1341 4094 so-

238 4109 321 4182 lutus,
339 4117 416 4167 rebus
426 4116 539 4168 humanis
551 4127 670 4170 excessit.

307 4186 351 4237 45.
387 4185 444 4236 Hoc
463 4185 538 4237 modo
558 4203 614 4238 cum
631 4187 704 4240 dolus
722 4189 846 4242 adsersus
863 4187 1046 4241 vetranionem
1063 4186 1150 4253 reipsa
1166 4182 1341 4247 successisset,

239 4253 407 4307 Constantius
424 4255 449 4305 in
467 4254 640 4323 Magnentium
657 4258 745 4326 copias
763 4260 858 4312 ducens
870 4257 973 4310 Gallum
986 4257 1069 4326 patrui
1082 4255 1178 4317 lilium,
1196 4266 1342 4320 persianum

240 4321 296 4376 eius
305 4323 395 4376 iuliani
408 4325 516 4378 fratrem
527 4325 721 4395 quiescendum
731 4329 795 4383 heec
806 4327 951 4400 imperavit,
969 4327 1106 4380 Caesarem
1118 4323 1241 4396 appellat,
1259 4319 1342 4373 eidem
