3025 4892
586 237 666 304 ΗΒ.
690 242 711 302 2
738 237 822 305 CAP.
842 241 895 304 21.
915 243 967 306 22.
1273 240 1323 312 87

214 413 338 492 ποιῆσαι
356 405 494 474 κελεάαιν.
545 410 597 474 καὶ
612 408 669 475 σὺν
680 411 770 475 παντί
784 407 868 494 τάχει
882 407 1015 498 τριήρεις
1032 402 1197 492 ἓξίπεμπάν
1214 409 1243 475 οἱ
1256 413 1319 476 Αί-

212 509 332 596 γάιιτιοι
347 513 403 595 μὲν
416 509 612 598 ὀγδοήκοντα,
637 515 776 590 Φοίνικες
792 515 825 579 δὲ
840 513 896 591 τὰς
908 514 993 594 ίίτας,
1009 511 1111 590 Ἴωνες
1129 514 1226 578 δὲκαὶ
1245 516 1320 579 Δω-

214 624 287 702 ριεῖς
309 615 339 681 οἱ
360 617 392 680 ἓν
414 623 452 703 τῇ
469 617 556 707 Ἀσίᾳ
579 613 724 700 ἑξήκοντα
730 667 741 698 ,
763 615 896 706 Κύπριοι
917 617 950 682 δὲ
972 613 1135 703 τριάκοντα
1151 619 1201 681 καλ
1215 619 1321 704 Κᾶρες

213 717 324 799 εἴκοσι,
351 722 484 785 Βιθυνοὶ
509 721 543 784 δὲ
566 717 747 807 τριάκοντα,
780 724 830 786 καὶ
858 716 1042 804 πεντήκοντα
1063 721 1194 802 Λίβυες.
1246 717 1262 784 ὃ
1287 721 1320 786 di

187 821 300 901 5πεζδς
325 821 457 910 στρατὸς
474 815 512 907 ἦν
534 822 746 889 πεντεκαίδεκά
769 849 828 889 που
843 822 1019 911 μυριάδων,
1046 823 1144 900 ἱππεῖς
1160 824 1193 888 δὲ
1208 849 1318 889 πεντα-

211 927 356 1008 κισχίλιοί
362 952 392 992 τε
407 930 457 991 καί
471 925 592 1014 μάριοι·
612 924 740 1005 τούτους
752 931 874 1016 Φρυγία
883 931 933 993 καὶ
944 928 1152 992 Καππαδοκία
1168 937 1318 1014 παρεῖχεν.

210 1024 415 1114 ὡρμίσθησαν
429 1032 463 1095 di
480 1031 513 1095 ai
525 1037 594 1115 νῆες
609 1033 641 1096 ἓν
656 1037 702 1120 τῷ
715 1036 862 1118 Πειραιεῖ
873 1033 929 1114 μὲν
946 1030 979 1095 αἱ
992 1032 1237 1108 Κωνσταντίνου,
1260 1057 1318 1094 κα-

208 1129 249 1195 τὰ
266 1133 300 1196 δὲ
316 1132 368 1198 τὸν
382 1129 606 1218 Ἑλλήσποντον
622 1133 661 1212 ἃς
681 1137 843 1213 Λικίννιος
861 1131 945 1219 εἶχεν.
997 1131 1078 1200 οὕτω
1091 1141 1152 1199 τῶν
1167 1139 1317 1199 ναυτικῶν

207 1260 241 1299 τε
266 1237 317 1300 καὶ
337 1239 433 1317 πεζῶν
450 1235 582 1326 ἕκατίρῳ
596 1239 790 1322 ταχθέντων,
816 1236 832 1304 ὅ
848 1240 904 1321 μὲν
918 1242 1078 1315 Λικίννιος
1094 1239 1126 1302 ἓν
1138 1237 1318 1324 Ἀδριανου-

168 1351 203 1405 10
211 1333 296 1404 πόλει
311 1345 366 1423 τῆς
384 1338 510 1431 Θρᾴκης
522 1341 557 1406 τὸ
575 1339 781 1430 στρατόπεδον
793 1338 868 1426 εὗρε,
895 1345 1126 1419 Κωνσταιτῖνος
1149 1340 1180 1405 δ’
1207 1341 1240 1405 ἐκ
1260 1345 1317 1404 τοῦ

207 1443 366 1529 Πειραιῶς
384 1443 441 1520 τὰς
461 1452 536 1522 ναῦς
553 1447 756 1528 μετεπίμιιετο
766 1495 776 1526 ,
803 1445 932 1512 κατὰτὸ
949 1449 1039 1513 πλίον
1052 1446 1084 1510 ίκ
1101 1451 1156 1528 τῆς
1168 1440 1316 1519 Ἑλλάδος

209 1543 321 1624 οὔσας,
350 1548 383 1611 ἐκ
409 1549 443 1612 δὲ
456 1554 511 1631 τῆς
532 1547 759 1633 Θεσσαλονίκης
778 1545 844 1630 ἅμα
871 1555 916 1636 τῷ
942 1553 1020 1638 πεζῷ
1046 1545 1207 1634 προελδῶν
1231 1547 1316 1631 παρὰ

207 1649 264 1732 τὴν
276 1645 364 1730 ἠϊόνα
379 1647 554 1737 τοῦἝβρου
571 1657 729 1734 ποταμοῦ,
750 1650 1092 1738 τῆςἈδριανουπόλεαις
1113 1651 1146 1714 ἓν
1169 1647 1315 1737 ἀριστερᾷ

209 1749 323 1832 ἰόντος,
348 1753 609 1838 ίστρατοπίδευεν.
660 1753 841 1832 ίκτάξαντος
865 1756 898 1820 δὲ
925 1759 975 1820 καὶ
997 1760 1053 1820 τοῦ
1074 1753 1234 1816 Λικιννίου
1259 1751 1315 1834 τὴν

166 1863 199 1919 15
210 1850 340 1944 δάναμιν
363 1855 499 1922 uinitori
521 1854 734 1943 διιερκειμίνου
759 1865 813 1942 τῆς
841 1855 957 1936 πόλεως
979 1855 1071 1944 ι’ίρους
1091 1855 1162 1942 ἄχρι
1182 1855 1314 1919 σταδίων

208 1959 387 2040 διακοσίων,
413 1960 491 2024 καθ’
517 1959 536 2025 δ
561 1966 668 2038 Ταινος
688 1986 764 2048 εειος
788 1957 996 2050 antoniana
1012 1959 1115 2046 Ἕβρῳ
1133 1955 1312 2040 συμβάλλει,

207 2062 321 2145 συχνάς
343 2064 399 2145 μὲν
420 2060 538 2151 ἡμέρας
559 2061 702 2147 ἀλλήλοις
722 2065 943 2145 δνθεκοθίζετο
967 2065 1006 2130 τά
1024 2059 1233 2150 στρατόπεδα,
1256 2089 1312 2126 κα-

207 2163 360 2250 τανοήσας
384 2167 418 2232 δὲ
440 2164 457 2232 ὅ
485 2170 715 2246 Κωνσταντῖνος
743 2167 804 2255 ὅπῃ
826 2166 962 2252 μάλιστα
980 2161 1166 2242 στενῶτατάς
1190 2166 1270 2230 ἔστιν
1295 2161 1311 2227 ὃ

207 2270 345 2354 ποταμὸς
366 2267 492 2351 iuononi,
518 2268 633 2337 τοιόνδε
655 2297 685 2336 τι
704 2279 887 2357 μηχανᾶται.
940 2270 1017 2349 ’ξύλα
1039 2267 1179 2354 κατάγειν
1200 2269 1232 2332 ix
1258 2273 1313 2332 τοῦ

163 2369 299 2458 Ξθῶρους
311 2374 451 2439 ἐπίταττε
464 2379 510 2462 τῷ
522 2377 717 2462 στρατοπίδῳ
735 2379 786 2440 καὶ
801 2379 940 2458 σχοίνους
952 2375 1069 2440 πλίκειν
1082 2369 1123 2450 ὡς
1139 2371 1177 2456 δὴ
1192 2373 1312 2453 μίλλιον

206 2473 360 2562 ζευγνύναι
376 2475 430 2541 τὸν
439 2477 578 2558 ποταμὸν
592 2481 644 2542 καί
658 2475 754 2564 ταύτῃ
775 2476 962 2562 διαβιβάζειν
977 2477 1012 2543 sd
1026 2474 1212 2563 στράτευμα.
1238 2471 1311 2539 sori-
1342 2515 1345 2522 ·

204 2604 250 2666 τερ
269 2580 303 2644 δὲ
323 2576 517 2663 βουκολήσας
537 2579 609 2656 τοὺς
628 2583 798 2660 ίναντίους,
819 2582 958 2647 ἀνελθὼν
972 2583 1024 2645 tn!
1039 2607 1106 2646 τινα
1123 2577 1220 2666 λόφον
1234 2577 1312 2654 ὕλας

276 2737 428 2801 θυσάνους
439 2756 471 2794 τι
486 2737 595 2810 Φρυγία
605 2741 638 2796 L.
743 2741 778 2795 14
793 2739 841 2795 καὶ
861 2759 902 2795 om
919 2741 1101 2810 Syiburgiana.
1206 2741 1239 2793 16
1255 2738 1310 2791 soi-

273 2826 324 2872 νος
340 2826 409 2870 asson
421 2810 453 2877 L,
470 2811 559 2870 τῶνσς
569 2826 655 2870 asason
665 2809 698 2874 Ρ,
714 2809 805 2872 τόνος
820 2807 900 2877 isnin
912 2810 943 2866 L.
963 2827 1059 2878 margo.
1094 2807 1249 2876 intelligitur
1261 2825 1308 2859 au-

273 2883 326 2931 tom
346 2878 455 2945 fluvius,
472 2879 515 2948 qai
531 2879 608 2932 hodia
627 2881 716 2932 Ίλαιισ
735 2879 815 2949 (quod
828 2897 917 2932 nomon
931 2879 1012 2932 simila
1024 2887 1064 2932 est
1075 2877 1132 2930 huic
1146 2877 1243 2944 Tonas)
1256 2887 1282 2928 ot
1292 2895 1308 2928 a

274 2947 453 3018 Chaiooodyla
469 2948 609 3015 Ταίναρος
627 2956 743 3005 vooatur.
761 2967 786 3000 v.
804 2949 908 3004 Leunoi.
927 2947 1009 3002 Pand.
1025 2948 1106 3002 Ture.
1118 2963 1141 2999 o.
1154 2949 1196 3002 30.
1210 2947 1307 3000 centor.

273 3019 307 3074 18
322 3015 484 3088 στενότερος
494 3019 582 3088 vulgo.
682 3019 716 3073 21
738 3015 803 3087 soi]
817 3011 949 3072 libsisdsu.

202 3153 296 3209 missae
306 3163 367 3209 suut
377 3157 411 3209 ab
423 3155 562 3226 Aagyptiis
573 3155 705 3224 octoginta
714 3155 847 3218 triremos,
865 3172 882 3210 a
897 3153 1069 3210 Phoenicibus
1081 3153 1202 3218 totidem,
1218 3153 1252 3206 ab
1263 3151 1307 3204 Io-

202 3225 277 3278 aibus
287 3233 316 3278 ot
324 3225 492 3279 Dorionsibus
503 3226 621 3279 Asiaticis
631 3225 783 3294 sexagintas
802 3225 893 3298 Cyprii
904 3225 1027 3292 triginta,
1044 3223 1125 3276 Caras
1137 3222 1243 3290 viginti,
1261 3221 1307 3272 Bi-

202 3292 278 3361 tisyui
289 3295 412 3363 triginta,
428 3295 543 3348 Afrioani
561 3295 746 3366 quinquaginta
764 3295 971 3366 suppeditabant.
1015 3293 1127 3364 pediturn
1145 3292 1257 3346 habebat
1272 3289 1306 3342 ad

203 3369 304 3416 cantura
315 3372 342 3416 ot
353 3365 535 3433 quinquaginta
544 3381 627 3435 propa
637 3365 721 3429 milia,
738 3366 850 3434 equiturn
865 3362 1006 3432 quindooiru
1018 3361 1099 3425 inilia,
1115 3378 1179 3431 quos
1191 3360 1307 3427 Phrygia

203 3430 419 3502 Cappadociaque
453 3436 588 3487 raebebat.
622 3440 651 3487 at
669 3434 829 3486 Constantini
844 3433 943 3502 quidam
962 3431 1049 3485 classis
1067 3437 1124 3484 arat
1143 3431 1170 3483 in
1185 3431 1304 3492 Piraeeo,

202 3499 295 3552 Licinii
309 3518 389 3554 naues
404 3518 420 3553 a
450 3503 652 3573 Hellespontum
687 3502 714 3555 in
727 3504 796 3558 huno
808 3503 907 3555 modum
917 3502 1064 3555 constitutis
1077 3503 1110 3554 ab
1121 3507 1231 3570 utroquo
1241 3513 1305 3550 nau-

202 3567 312 3623 ticarum
323 3585 355 3621 ao
365 3571 523 3624 terrestriam
534 3572 664 3642 copiarum
675 3573 770 3642 rebus,
787 3570 970 3641 Hadrianopoli
988 3571 1014 3623 in
1030 3570 1144 3622 Thracia
1160 3579 1244 3622 oastra
1260 3567 1305 3618 Li-

203 3637 284 3690 ciuius
302 3639 429 3704 habebat;
446 3647 474 3692 ot
489 3641 672 3695 Constantinus
689 3659 705 3694 a
718 3641 829 3695 Piraeeo
845 3657 906 3694 snas
923 3657 1018 3706 navos,
1034 3638 1173 3691 oGraacia
1184 3638 1304 3690 maiorarn

203 3713 302 3776 partam
319 3707 455 3773 collectas,
475 3711 632 3766 aroassobat.
679 3710 751 3763 simui
770 3709 887 3762 terrestri
908 3727 965 3762 cuns
988 3709 1102 3761 exercitu
1120 3704 1305 3760 Thessalonica

201 3792 355 3846 progressus
365 3785 471 3846 propter
481 3779 562 3848 ripam
572 3778 683 3832 fluminis
690 3780 784 3842 Hebri,
798 3779 840 3862 qui
851 3778 884 3832 ad
894 3777 994 3832 laevam
1002 3775 1211 3844 Hadrianopolim
1223 3773 1306 3846 allinit,

203 3854 289 3898 castra
298 3845 420 3899 iaciebat.
446 3863 502 3900 cnm
515 3848 627 3901 Licinius
638 3865 699 3902 suos
709 3850 873 3902 instruxisset
886 3864 901 3899 a
912 3853 1009 3912 monto,
1021 3846 1064 3915 qui
1076 3845 1171 3917 oppido
1182 3841 1304 3904 imminet,

202 3914 236 3966 ad
248 3915 359 3968 ducenta
369 3917 556 3984 nsqosstadia‚
577 3918 623 3972 ubi
632 3917 723 3972 Tonas
733 3918 829 3971 fluvius
841 3917 928 3970 Hebro
939 3915 1113 3985 coniungitur.
1132 3911 1304 3983 compluribus
1405 3915 1408 3922 ⁴

201 3982 307 4046 diebus,
325 3983 440 4038 advorsis
452 3987 571 4056 utrinque
583 3985 692 4054 castris,
708 3988 836 4042 exercitus
853 3986 1028 4039 aubatitorunt.
1063 3983 1110 4037 sed
1121 3979 1304 4035 Constantinus
1334 4031 1337 4040 ,

201 4051 380 4106 animadverso
400 4069 452 4122 qua
468 4063 543 4124 parto
562 4055 656 4109 flumen
675 4062 745 4112 osset
762 4055 928 4120 artissimum,
941 4055 996 4108 talo
1008 4053 1126 4122 quiddam
1138 4051 1304 4103 machinatur.

201 4121 273 4188 tigna
293 4121 326 4176 da
343 4131 429 4175 monto
448 4131 609 4195 comportare
625 4125 698 4179 iubat
713 4127 852 4180 axerdturn
869 4125 993 4192 innosque
1005 4129 1124 4186 noctae,
1141 4118 1213 4190 quasi
1224 4126 1304 4188 ponto

201 4189 296 4244 dunen
315 4192 447 4248 iuncturus
465 4201 536 4248 esset
552 4211 584 4248 ao
599 4195 688 4265 copias
699 4213 759 4248 suas
769 4195 828 4248 istio
838 4199 1066 4264 transportaturus.
1102 4207 1152 4260 qua
1163 4187 1263 4259 quiden
1275 4203 1305 4238 ro

202 4257 318 4332 deceptis
330 4261 490 4333 opinionibus
501 4263 627 4332 hostium,
643 4270 670 4318 et
683 4265 749 4318 oolla
761 4264 870 4336 quodam
884 4279 1038 4332 oonsoenso‚
1050 4260 1094 4332 qui
1104 4261 1182 4315 silvas
1192 4259 1306 4314 babebat
