3025 4892
274 307 324 378 on
746 307 896 373 zosnin
990 257 997 272 ⁸

274 487 413 570 ραντῖνος
430 478 464 543 δέ
483 476 543 543 ἀπό
562 483 618 560 τῆς
629 477 661 541 έν
674 481 719 565 τῷ
735 474 872 565 Τάραντι
887 480 1009 556 θυσίας.
1057 475 1180 568 χρόνοις
1195 481 1227 546 δὲ
1241 475 1366 568 άστερον

276 589 385 666 λοιμοῦ
404 580 578 666 συμβάντος
598 587 637 666 τῇ
658 579 742 646 πόλεί
763 588 808 669 τῷ
829 580 938 670 πράτῳ
956 580 1034 664 μετὰ
1049 583 1121 660 τοιλς
1134 585 1280 665 βασιλέας
1296 583 1364 663 έτεε,

276 685 415 762 Πόπλιος
431 685 597 771 Οόαλίριος
609 680 807 762 Ποπλικόλας
827 685 859 748 έν
878 683 976 774 τούτῳ
997 691 1042 774 τῷ
1059 692 1157 774 βωμῷ
1169 684 1365 772 &aegilion

277 793 328 855 καί
350 786 532 876 Περσεφόνη
550 789 667 868 μέλανα
687 794 765 870 βοῦν
786 791 837 852 καὶ
859 786 991 871 δάμαλιν
1010 789 1154 870 μέλαιναν
1174 789 1366 875 ἠλευθέρωσε

276 899 332 976 τῆς
353 889 444 957 νόσου
464 891 519 975 τὴν
539 886 644 968 πόλιν,
673 889 845 978 ἐπιγράψας
864 899 909 979 τῷ
924 897 1023 979 βωμῷ
1044 899 1150 956 ταῦτα.
1196 889 1388 969 ι’Πόπλιοςό

280 995 447 1081 Οὐαλέριος
457 991 655 1069 Ποπλικόλας
664 993 698 1058 τό
711 992 889 1082 πυροφόρον
906 991 1102 1082 πειλίονἍιόη
1118 997 1168 1060 καί
1183 992 1365 1081 Περσεφόνῃ

206 1128 209 1137 ’
277 1099 453 1183 καθιέρωσα
472 1099 523 1161 καλ
542 1097 676 1181 θεωρίας
696 1095 809 1182 ἤγαγον
824 1096 910 1184 ’Ἀιόη
936 1101 987 1162 καὶ
1005 1095 1187 1185 Περσεφόνῃ
1211 1095 1286 1185 όπέρ
1311 1099 1366 1180 τῆς

272 1199 430 1282 Ῥωμαίων
444 1198 651 1286 έλευθερίας.”
704 1199 772 1284 (4)
789 1201 867 1282 μετὰ
883 1201 916 1264 ιλί
928 1208 1024 1266 ταῦτα
1044 1199 1140 1266 νόσων
1155 1203 1205 1266 καὶ
1225 1201 1364 1282 πολέμων

276 1299 492 1388 ένσκηψάντων
507 1301 563 1367 liar
579 1301 657 1384 μετά
678 1303 731 1368 τόν
750 1310 805 1387 τῆς
823 1300 938 1380 πόλεως
959 1304 1095 1386 οἰκισμὸν
1116 1307 1163 1368 lul
1181 1306 1364 1389 τριακοσίοις

275 1412 466 1494 πεντηκοστῷ
480 1408 530 1469 κοιλ
546 1406 675 1493 δευτέρῳ
682 1453 693 1485 ,
726 1404 813 1472 λόσιν
831 1404 927 1494 εὗρεΐν
948 1404 968 1490 ἢ
988 1409 1129 1494 γερουσία
1141 1413 1202 1471 τῶν
1215 1413 1316 1473 κακῶν
1330 1408 1363 1470 έκ
1373 1423 1405 1476 10

274 1517 336 1576 τάν
348 1507 500 1593 Σιβύλλης
513 1510 684 1592 βουλομένη
695 1517 852 1595 χρησμῶν,
873 1519 936 1585 τοῖς
949 1513 990 1588 τίς
1003 1516 1091 1574 τοῦτο
1106 1511 1296 1594 τεταγμένοις
1308 1509 1363 1573 siv-
1423 1539 1428 1548 ·

276 1611 367 1700 δράσι
379 1613 452 1690 τοὺς
464 1611 624 1699 χρησμοὺς
635 1609 829 1699 όνερευνῆσαι
844 1610 1091 1700 παρεκελεόσατο.
1140 1619 1201 1677 τῶν
1216 1613 1249 1678 δέ
1259 1611 1363 1676 λοιπόν

274 1713 493 1800 καταθήσεσθαι
507 1716 542 1780 τό
556 1713 664 1794 κακόν,
697 1719 724 1780 εἰ
744 1713 873 1782 sinain
890 1715 976 1804 Ἅιδη
995 1719 1046 1782 καὶ
1061 1713 1261 1804 Περσεφόνῃ,
1286 1740 1364 1799 προ-

275 1817 517 1905 αγορευσάντων,
551 1815 790 1901 ἀναζητήσαντες
811 1819 863 1884 τόν
883 1817 976 1883 τόπον
992 1819 1079 1904 Ἅιδῃ
1105 1821 1155 1884 καί
1179 1815 1363 1905 Περσεφόνη

272 1921 352 1986 κατὰ
372 1921 407 1986 τό
425 1921 619 2007 προσταχθὲν
633 1919 805 2004 καθήγισαν
813 1969 824 2001 ,
849 1919 986 2007 Μάρκου
1005 1923 1140 1984 Ποτίτου
1163 1921 1198 1986 τό
1218 1923 1361 2004 τέταρτον
1371 1933 1403 1988 15

271 2020 482 2098 όπατεάοντος.
532 2025 583 2087 καὶ
594 2029 648 2104 τῆς
662 2021 831 2109 ἱερουργίας
843 2025 1087 2105 συντελεσθείσης
1101 2029 1160 2086 τῶν
1173 2021 1362 2105 ἐπικειμένων

272 2125 493 2210 ἀπαλλαγέντες
510 2124 563 2190 τόν
574 2124 682 2207 βωμόν
698 2117 792 2201 αὖθις
806 2123 965 2208 ἐκάλυψαν
969 2173 980 2204 ,
1007 2127 1039 2190 έν
1053 2123 1171 2214 ἐσχάτῳ
1188 2151 1246 2190 που
1261 2127 1362 2208 κείμε-

270 2256 324 2295 νον
341 2238 395 2293 τοῦ
403 2229 520 2314 Ἀρείου
536 2230 649 2292 πεόίου.
698 2225 812 2314 ταότης
831 2230 878 2292 inl
897 2226 1009 2316 χρόνον
1031 2235 1086 2312 τῆς
1108 2231 1222 2306 θυσίας
1246 2229 1360 2312 άμελη-

269 2333 393 2416 θείσης,
429 2323 522 2406 αὖθίς
542 2355 633 2395 τινων
652 2329 866 2412 συμπεσόντων
888 2333 1071 2413 άποθυμίων
1093 2330 1278 2397 ἀνενεώσατο
1305 2333 1361 2416 τὴν

269 2433 376 2521 ἕορτὴν
396 2433 596 2515 Ὀκταβιανός
616 2430 633 2497 ὃ
654 2431 821 2514 σεβαστός,
856 2439 1126 2518 [προτελεσθεῖοαν
1144 2437 1215 2517 μέν]
1237 2431 1401 2501 όπάτωνὲο

268 2537 363 2604 ὄντων
385 2538 527 2602 Λουκίου
556 2538 754 2624 Κηνσωρίνου
778 2541 828 2602 καί
854 2536 991 2625 Μάρκου
1020 2539 1166 2603 Μαλλίου
1190 2540 1358 2622 Πουηλιόυ,

337 2676 499 2749 θβαλέριοε
514 2679 546 2733 L.
643 2682 661 2735 6
677 2676 710 2735 τό
727 2680 785 2750 πῦρ
803 2677 819 2736 ό
837 2677 925 2750 φέρον
941 2681 1039 2734 πεδίον
1056 2680 1117 2734 ΙιΡε
1135 2699 1194 2735 οοιτ
1211 2681 1358 2738 Pannioiua

337 2747 419 2806 9322
435 2767 475 2802 ons
490 2749 544 2802 LP.
650 2753 683 2802 10
697 2752 890 2813 πεντακοσίοις
905 2751 944 2823 τῷ
962 2749 1082 2820 δευτέρῳ
1099 2751 1153 2804 LP.
1258 2753 1289 2805 11
1307 2745 1359 2803 άν-

337 2817 467 2886 δράσετε
483 2817 531 2871 καί
547 2815 615 2880 soie
634 2819 690 2884 LP,
707 2815 830 2886 άνὸροίσι
846 2817 878 2872 ιε’
894 2817 964 2881 vorle
979 2821 1008 2873 S.
1067 2843 1069 2856 ·
1114 2823 1148 2875 12
1164 2820 1269 2872 λοιπῶν
1285 2818 1357 2872 libris

336 2905 395 2942 oorr
411 2885 590 2941 laennolavias.
660 2890 692 2941 15
707 2886 882 2956 καθήγνισαν
898 2889 960 2942 LPr
977 2905 1036 2944 corr
1052 2888 1229 2942 bennolavios.
1298 2889 1358 2940 Πο-

335 2959 413 3010 τίτου
429 2956 614 3022 Ιιετιιοίατὶιιιι,
641 2957 769 3011 Ποπλίου
786 2957 852 3010 libri.
887 2959 924 3010 M
936 2959 1049 3028 Popillio
1065 2965 1092 3012 si
1109 2959 1228 3023 Quinctio
1245 2956 1357 3009 somnii-

335 3027 382 3080 om
398 3025 544 3079 Paeonios.
609 3081 612 3091 ¹
680 3029 716 3080 20
731 3027 961 3090 προτελεοθεῖσαν
984 3025 1034 3092 μὲν
1058 3035 1084 3079 et
1105 3023 1169 3080 τότε
1187 3022 1217 3077 oi
1234 3028 1369 3080 Λουκίου.

333 3094 516 3163 Κηνσωρίνου
531 3092 579 3147 καλ
597 3093 688 3148 Γαίου
706 3097 833 3164 Σαβίνου
850 3111 891 3148 oni
908 3095 968 3162 LP,
984 3097 1061 3150 habet
1077 3095 1126 3148 alia
1138 3109 1210 3148 manu
1227 3093 1310 3148 adseri
1329 3099 1357 3148 ta

334 3163 358 3216 1,
374 3180 470 3230 margo.
570 3165 605 3218 21
623 3163 754 3234 Appianas
770 3164 796 3216 in
813 3163 901 3218 Panic.
919 3181 945 3234 p.
961 3167 997 3220 42
1013 3165 1107 3218 reclina
1121 3179 1179 3218 eum
1194 3169 1274 3216 vocal
1323 3159 1356 3214 ά-

334 3249 397 3285 νιον
411 3231 559 3286 Μανίλιον.
592 3222 626 3283 ll.

265 3366 319 3405 resa
329 3348 622 3402 samsd'l'arentnni
633 3352 735 3406 ίοοίοιο.
769 3335 1003 3422 sequenlibusindo
1015 3351 1186 3422 temporibus,
1210 3349 1356 3418 pestilentia

264 3420 292 3472 in
309 3419 373 3472 urbe
390 3424 448 3471 oria
461 3417 542 3487 primo
555 3429 614 3489 post
628 3429 735 3473 exectos
745 3437 821 3489 reges
832 3439 912 3483 anno,
938 3423 967 3475 P.
981 3419 1254 3491 i’aleriusPoplioola,
1280 3435 1355 3471 caeso

178 3542 181 3546 ,
265 3505 281 3540 τι
299 3487 333 3540 ud
344 3486 409 3540 liano
420 3503 490 3540 aram
501 3485 556 3539 Diti
570 3489 638 3557 patri
649 3497 677 3540 el
686 3489 857 3560 Proserpinae
867 3490 934 3543 bove
948 3493 1019 3560 nigro
1031 3490 1153 3560 nigraque
1165 3489 1265 3554 bucula,
1283 3501 1356 3557 posse

263 3556 284 3610 li
318 3555 387 3610 ravit
399 3556 502 3623 urbem,
525 3556 653 3626 inscriptis
665 3574 728 3610 arae
743 3559 828 3611 verbis
842 3559 911 3611 hisce
927 3553 980 3614 “12.
993 3559 1112 3613 Valerius
1122 3557 1253 3628 Poplicola
1263 3557 1355 3626 ignife-

264 3641 320 3678 rum
332 3641 447 3695 eampum
458 3623 511 3677 Diti
528 3627 634 3693 patries
646 3625 813 3696 Proserpinae
823 3627 953 3693 dedicavi,
976 3628 1099 3697 ludosque
1110 3628 1163 3680 Diti
1175 3626 1243 3695 patri
1255 3633 1280 3676 ot
1289 3625 1354 3676 Pro-

263 3691 1356 3834 allil‘zll‘izlll‘llllolll2llll{Lnillillllllsrglllzl

189 3868 193 3879 .
264 3831 363 3897 eundo,
385 3838 489 3883 senam
499 3831 530 3882 iis
540 3848 568 3883 se
578 3833 648 3884 nialis
657 3835 769 3886 liberare
782 3833 815 3885 de
828 3833 957 3902 Sibyllinis
969 3835 1078 3887 oracolis
1092 3835 1179 3886 volens
1190 3849 1235 3884 eos
1246 3830 1277 3882 ad
1291 3847 1354 3897 qnos

262 3899 327 3954 haee
337 3917 399 3953 aura
408 3900 553 3982 pertinebat
562 3901 666 3952 oracula
676 3900 785 3955 serutari
797 3902 879 3954 iussit.
913 3903 962 3956 illis
980 3903 1036 3956 mali
1053 3903 1128 3955 linens
1144 3903 1199 3954 lore
1216 3897 1354 3950 nuntianti-

262 3967 326 4033 bus,
351 3969 373 4021 si
382 3967 436 4021 Dni
453 3967 520 4037 patri
532 3976 559 4020 et
569 3969 739 4038 Proserpinae
750 3987 803 4022 reni
815 3987 913 4022 saorarn
924 3971 1059 4040 fecissent,
1082 3968 1219 4043 perquirito
1231 3967 1286 4018 loco
1298 3966 1354 4020 Diti

261 4035 330 4106 patri
342 4044 369 4089 et
380 4037 556 4106 Proserpinae,
574 4055 621 4090 σου
631 4039 692 4090 iussi
703 4040 813 4104 fuerant,
830 4039 866 4094 Μ.
878 4039 964 4092 Potito
975 4049 1091 4110 quartum
1104 4055 1166 4103 coa,
1183 4043 1245 4088 vota
1257 4052 1353 4088 nunca-

260 4114 369 4174 parurn
386 4114 414 4158 et
422 4112 528 4174 peracto
539 4122 621 4172 sacro,
634 4107 705 4159 ariolis
714 4109 863 4174 urgentibus
875 4107 987 4174 liberati,
1000 4127 1085 4162 rursus
1096 4123 1165 4160 ειιοω
1177 4113 1246 4157 torro
1258 4106 1352 4158 obrue·

260 4181 335 4238 runt,
360 4174 388 4226 in
405 4181 517 4226 extremo
534 4191 588 4227 osni
608 4175 730 4228 olllartio
748 4175 842 4230 alionbi
861 4177 941 4231 sitem.
977 4179 1063 4232 eodeni
1074 4173 1198 4230 sacrificio
1210 4173 1242 4225 nd
1255 4183 1353 4243 tompus

259 4242 387 4310 neglecto,
402 4259 458 4295 suns
469 4259 557 4296 rorsos
567 4194 667 4298 οιίιοεεί
677 4243 777 4313 qnidam
787 4261 861 4298 οτοιιε
873 4247 1034 4311 accidissent,
1053 4243 1210 4298 Octavianus
1222 4243 1353 4310 Angustos

259 4310 332 4365 ludos
342 4310 506 4378 instauravit,
524 4313 607 4366 iactos
616 4313 673 4367 illos
685 4313 785 4383 quidem
797 4320 857 4369 anie
868 4315 898 4374 L.
912 4313 1051 4371 Censorino
1064 4323 1092 4370 st
1101 4315 1139 4371 M.
1151 4312 1248 4368 Manlio
1261 4313 1352 4366 Pnelio
