3025 4892
503 274 581 343 LlB.
609 280 628 341 3
656 276 741 343 CAP.
765 282 817 344 26.
844 284 896 347 27.
923 285 975 348 28.
1215 286 1287 356 163

180 469 247 529 γρις
253 490 263 523 ,
290 447 342 507 καὶ
359 446 477 533 γέφυρα
496 438 533 529 ἦν
541 495 550 523 ,
577 446 600 530 il
610 448 666 524 τὰς
678 448 830 528 ἐπιμιξίας
843 460 907 527 τοῖς
918 451 1100 540 ἀμφοτέροιν
1114 452 1286 544 οἰκήτορσιν

180 550 281 611 ἐδίδου
299 546 409 637 ρηδιάς
426 552 476 613 καί
496 561 646 632 συνεχεῖς,
670 550 707 634 ἢν
720 551 747 615 oi
764 554 887 636 Πέρσαι
901 557 1103 642 κατέηλεξαν,
1129 555 1171 635 ὡς
1188 558 1225 624 ι’ίν
1239 561 1285 644 μὴ

180 650 233 714 διδ
256 648 369 734 ταύτης
392 652 422 716 οῗ
441 650 585 735 Ῥιιιμαῖοι
611 654 683 719 κατ’
713 656 853 731 ἐξουσίαν
877 654 1030 747 ἐκατέροις
1061 670 1285 748 παρενοχλοΐεν.

180 754 259 817 ἐνθα
289 780 349 819 που
376 752 461 838 λόχοι
486 760 619 842 Περσῶν
642 757 846 843 άναηανέντες
866 756 927 825 sind
952 768 1015 826 τῶν
1035 762 1284 848 προνομευόνταν

155 854 380 927 5κατασκόπων
403 857 587 947 ἐτράπησαν.
638 863 690 925 καὶ
712 859 778 943 ἅμα
801 864 921 950 τροηιην
947 862 1088 952 ἄφθονον
1115 864 1130 932 ὃ
1154 869 1285 954 στρατὸς

180 957 277 1047 asiptis
292 962 324 1025 ἐν
338 959 434 1048 ταότη
451 969 489 1049 τῇ
503 962 608 1049 ιιιόμη,
633 967 684 1028 καὶ
701 962 760 1029 ὅσα
780 964 857 1052 πρὸς
874 966 929 1050 τὴν
942 971 1049 1053 χρείαν
1064 967 1149 1055 ἤρκει
1168 970 1284 1053 λαβών,

180 1061 214 1128 τό
232 1064 371 1151 περιττόν
386 1062 458 1129 ὅσον
474 1058 512 1151 ἦν
527 1065 609 1131 άπαν
624 1067 807 1155 διέφθειρεν.
858 1070 921 1135 ἐπεὶ
945 1073 978 1136 δέ
998 1073 1114 1153 μεταξδ
1134 1072 1285 1159 Δανάβης

179 1164 295 1243 πόλειυς
306 1170 358 1232 καὶ
370 1166 491 1253 Σόγκης
506 1171 657 1255 ἐγένοντο,
683 1182 747 1246 τοῖς
765 1169 877 1257 ηόλαξι
891 1179 945 1256 τῆς
961 1174 1107 1259 οὖραηίας
1119 1182 1174 1241 τοῦ
1187 1204 1284 1265 στρα·

161 1271 307 1373 Ιτοπέδου
333 1271 536 1352 συμπεσόντες
559 1272 588 1337 οἱ
612 1272 733 1357 Πέρσαι
754 1275 886 1351 antini-9
902 1275 1092 1356 ἀπέκτειναν,
1114 1282 1234 1356 πλιιόυς
1251 1282 1285 1346 δέ

138 1391 171 1443 10
180 1370 386 1456 ἀποβαλόντες
410 1375 601 1463 ἐτράπησαν,
628 1379 679 1441 καὶ
695 1375 796 1454 άλλως
808 1381 1043 1457 ἐλατταθέντες·
1071 1382 1207 1468 ἀνῃρέθη
1223 1384 1284 1471 γὰρ

178 1478 209 1540 ἐν
225 1474 320 1563 ταότη
341 1485 380 1563 τῇ
399 1478 485 1565 μάχη
503 1476 662 1565 σατράπης
677 1506 723 1557 τις
737 1488 798 1545 τῶν
816 1484 972 1569 ἐπιφανῶν
986 1482 1083 1566 όνομα
1098 1482 1223 1569 Δάνης,
1249 1486 1284 1564 ὃς

178 1578 262 1661 ἐτυχε
277 1579 424 1667 πρότερον
440 1584 487 1646 ἐπὶ
504 1584 666 1670 πρεσβείαν
681 1582 758 1668 πρὸς
772 1582 967 1665 τὸνβασιλέα
979 1585 1194 1652 Κωνστάντιον
1208 1590 1284 1655 άπε-

178 1684 363 1765 σταλμένος,
389 1683 509 1773 εἰρήνης
532 1688 600 1775 πίρι
626 1689 677 1751 καὶ
703 1682 896 1766 καταλάσεως
917 1695 973 1753 τοῦ
994 1691 1127 1772 πολέμου
1145 1691 1284 1769 διαλεξό-

176 1812 277 1869 μενος.

137 1901 170 1957 15
283 1887 342 1957 28.
388 1887 514 1969 Ἰδόντες
531 1893 564 1958 δέ
582 1889 694 1969 αὖτοδς
714 1890 743 1957 oi
762 1891 900 1975 πολέμιοι
918 1888 1139 1977 πλησιάζοντας
1151 1894 1282 1985 Ἅκκήτῃ

177 1990 261 2057 πόλει
282 1992 354 2069 τοδς
373 1995 405 2058 ἐν
426 2004 465 2081 τῇ
488 2002 527 2083 γῇ
551 1996 688 2081 καρποὺς
709 1994 917 2083 ἐπυρπόλουν·
944 1994 990 2075 οἷς
1007 1998 1228 2086 ἐπιδραμόντες
1253 2000 1284 2066 oi

172 2092 316 2177 Ῥοιμιιῖοι
341 2096 376 2161 τό
401 2106 460 2185 πῦρ
484 2100 671 2182 κατέσβεσαν
697 2103 748 2163 καί
773 2107 835 2165 τιῦν
860 2108 985 2187 καρπῶν
1009 2111 1073 2179 τοῖς
1096 2105 1282 2186 λειπομένας

176 2198 353 2285 ἐχρήσαντο.
406 2204 573 2289 περαιτέρω
587 2205 620 2269 δέ
631 2198 834 2290 προελθόντες
848 2204 890 2281 είς
902 2202 1069 2291 Μάριονσα
1084 2207 1281 2291 παρεγίνοντο

176 2302 298 2387 κιόμην,
320 2294 342 2389 ᾗ
359 2314 423 2381 τοῖς
435 2305 490 2388 τὴν
506 2306 653 2392 οὐραγίαν
668 2312 724 2372 τοῦ
740 2313 876 2392 στρατοῦ
889 2305 1095 2394 φυλάττουσιν
1110 2310 1283 2392 ἐπιθέμενοι

134 2410 309 2493 2οΠερσῶν
331 2405 416 2489 λόχοι
438 2410 618 2489 συνέπεσον,
645 2412 695 2475 καὶ
721 2406 882 2476 ἀπώλεσαν
905 2407 1018 2487 ἄλλους
1037 2438 1069 2476 τε
1092 2410 1283 2497 στρατιώτας

176 2513 228 2574 καὶ
244 2512 458 2595 Βρεττανίαινα
473 2509 526 2577 τόν
540 2509 701 2598 ἡγεμονίαν
716 2510 824 2594 έχοντα
838 2520 895 2579 τοῦ
909 2511 1002 2597 λόχου
1008 2562 1020 2593 ,
1041 2512 1186 2602 ἀνδρείως
1200 2516 1282 2600 ἄγοι-

176 2610 346 2695 νισόμενον.
391 2616 442 2677 καὶ
458 2619 551 2680 πλοῖα
566 2619 598 2681 δέ
610 2615 675 2701 ἥλω
691 2614 818 2680 κατόπιν
832 2614 910 2680 nolti
926 2623 983 2682 τοῦ
996 2620 1202 2704 στρατοπέδου
1217 2629 1282 2696 τοῖς

176 2718 331 2799 πολεμίοις
343 2714 552 2804 περιπεσόντα.
584 2714 839 2809 παραδραμόντες
852 2720 885 2784 δέ
898 2717 1006 2803 κόμας
1018 2718 1103 2797 τινὰς
1115 2722 1157 2798 εές
1172 2719 1281 2805 Τοιίμ-

247 2896 278 2951 11
297 2894 427 2949 Αιιιιιιὶιιιιο
445 2898 554 2954 Adonea.
637 2898 670 2951 18
687 2895 815 2951 Ammiano
832 2896 971 2969 Maranga
984 2903 1094 2955 πταίειν.
1165 2900 1200 2957 21
1217 2901 1280 2957 Am·

244 2966 328 3017 miano
348 2966 481 3020 Vetranio.
866 3024 872 3031 ‚

175 3120 219 3189 qui
237 3120 369 3172 amborum
384 3118 474 3173 ineolis
490 3118 612 3188 expedita
628 3116 825 3190 frequentiaque
836 3117 984 3174 commercia
997 3117 1187 3190 suppeditabat.
1222 3138 1280 3178 eum

173 3188 272 3243 Persae
291 3195 450 3257 cremarunt,
471 3189 623 3241 neRumoni
635 3190 762 3259 perillum
782 3197 903 3259 utrosque
917 3207 963 3259 pro
979 3189 1060 3241 lubitu
1072 3200 1203 3244 vexarent.
1238 3194 1281 3246 bic

175 3264 328 3327 conspectae
350 3256 485 3310 Persarum
506 3252 624 3310 coltor'tes
642 3260 675 3310 ab
696 3259 904 3327 exploratoribus
919 3258 1068 3327 pabulatum
1079 3260 1189 3327 egressis
1199 3261 1225 3312 in
1237 3263 1281 3314 fu-

174 3344 233 3397 gam
252 3335 327 3379 actse
345 3334 418 3391 sunt3
446 3334 472 3379 et
490 3326 617 3381 exercitus
635 3326 667 3378 de
684 3326 789 3378 inventa
807 3328 834 3379 in
847 3329 896 3378 boc
907 3327 964 3379 vico
977 3330 1166 3381 annouaubere
1178 3344 1234 3381 cum
1248 3345 1281 3384 ea

175 3396 325 3465 sumpsisset
336 3395 367 3447 ad
381 3410 452 3446 usurn
465 3412 530 3463 quae
541 3396 698 3457 sufficerent,
711 3396 831 3465 quicquid
842 3404 899 3447 erat
910 3395 1043 3465 reliquum,
1062 3398 1185 3467 corrupit.
1221 3399 1281 3451 inde

99 3522 102 3528 ς
176 3482 232 3516 cum
245 3465 310 3515 inter
322 3463 441 3532 oppidum
453 3465 576 3518 Daneben
589 3474 614 3515 et
627 3466 739 3532 Spurcum
752 3472 851 3528 essent,
868 3464 965 3517 Persae
979 3482 1034 3518 cum
1047 3466 1152 3535 agminia
1171 3467 1281 3521 extremi

174 3532 348 3603 praesidiariis
358 3534 489 3601 congressi
501 3534 592 3585 multos
603 3534 800 3584 interfecerunt:
817 3533 864 3585 sed
879 3534 974 3586 arnissis
988 3535 1102 3603 pluribus
1114 3544 1188 3603 terga
1199 3537 1280 3589 dede-

175 3610 250 3663 runt,
269 3618 323 3653 cum
344 3602 493 3671 ceteroquin
513 3603 587 3654 etism
597 3602 734 3653 inferiores
745 3601 915 3656 discederent.
950 3620 1007 3655 nom
1020 3604 1070 3659 hoc
1082 3605 1177 3674 proelio
1187 3606 1280 3659 nobilis

175 3672 278 3740 quidum
289 3677 394 3741 sutrape
404 3671 547 3723 trucidatus
558 3678 615 3735 est,
634 3670 734 3722 nornine
745 3670 846 3735 Duces,
861 3670 962 3739 legatus
973 3672 1005 3723 ad
1017 3671 1195 3741 imperatorem
1208 3677 1280 3727 Cou-

174 3740 297 3794 stantiom
309 3739 413 3804 missus,
433 3739 543 3809 quicum
556 3756 587 3793 eo
600 3740 632 3791 de
642 3755 708 3808 pace
721 3740 946 3808 componendoque
958 3740 1026 3792 bello
1039 3740 1236 3811 colloqueretur.

243 3808 286 3863 28.
320 3806 373 3860 Ubi
396 3808 524 3861 Romanos
545 3808 578 3860 ad
599 3808 717 3877 oppidum
738 3810 858 3860 Accetam
876 3809 1281 3879 propiusscuerlereconspexis·

175 3884 234 3931 seut
251 3878 353 3943 hostes,
372 3878 469 3930 fructus
490 3878 533 3945 qui
553 3886 628 3929 erant
644 3878 669 3928 in
685 3876 754 3944 agris
766 3879 924 3942 exurebant3
940 3878 965 3928 in
978 3894 1042 3945 quoa
1053 3879 1197 3931 incursione
1208 3881 1281 3931 sucta

173 3948 258 4016 ignem
271 3947 381 3999 Romani
392 3945 604 4015 restinguebant,
622 3962 654 3997 ao
670 3946 769 3998 fructus
778 3946 890 4014 reliquus
902 3946 958 3997 usui
969 3962 1016 3997 suo
1028 3947 1203 3998 reservabant.
1237 3948 1280 3999 ul·

173 4016 254 4069 terius
273 4023 357 4067 eutem
376 4018 505 4085 progressi
525 4016 557 4067 ud
575 4015 658 4067 vicum
676 4014 799 4067 Masonsa
814 4021 1002 4084 perveneruut3
1018 4014 1279 4069 ubitormeePersa-

174 4102 245 4151 rurn,
266 4084 373 4137 extremi
390 4084 495 4152 sgminis
511 4084 636 4153 praesidio
653 4082 756 4136 relictos
774 4082 900 4147 adortae,
919 4098 1017 4134 manum
1030 4090 1232 4151 conseruerunt,
1250 4092 1279 4138 et

174 4171 232 4207 cum
245 4152 308 4207 alios
318 4154 411 4206 milites
423 4162 474 4205 tum
485 4152 675 4205 Brettunionem
695 4157 796 4204 turmae
806 4152 896 4204 ducem
906 4150 1015 4203 viriliter
1024 4152 1182 4206 dimicantem
1195 4154 1280 4207 inter·

174 4224 300 4277 iecerunt.
335 4228 427 4293 captae
438 4228 497 4274 sunt
509 4228 535 4274 et
545 4238 641 4289 naves,
668 4236 735 4289 quae
750 4221 829 4289 longe
839 4236 856 4271 e
866 4226 940 4289 tergo
951 4220 1080 4274 exercitos
1091 4222 1116 4275 in
1129 4224 1226 4275 bostem
1238 4223 1279 4275 iu-

175 4292 300 4347 ciderant.
334 4292 395 4347 bine
414 4290 488 4347 vicos
507 4291 631 4363 quosdam
645 4290 736 4345 curdus
754 4288 942 4361 praetergressi
961 4289 1124 4346 Tommaram
1143 4298 1279 4360 venerunt,

893 4552 902 4595 l
