3025 4892
231 239 305 311 106
705 241 857 312 zosuss

331 409 393 481 40.
439 409 533 478 Ἀλλά
559 418 614 497 τῆς
638 411 737 502 ἀρχῆς
757 411 856 493 οὕτως
878 410 995 501 ἑκάστῳ
1014 415 1213 498 νεμηθείσης,
1237 415 1330 480 Κων-

230 513 369 592 στάντιος
391 511 493 602 ὥσπερ
515 517 685 601 έξεπίτηδες
706 519 750 602 μὴ
773 517 899 585 κατόπιν
920 520 1062 604 γενέσθαι
1076 525 1132 602 τῆς
1145 525 1201 584 τοῦ
1215 517 1330 603 πατρὸς

229 621 369 701 ἀσεβείας
391 617 603 700 ἐσπουδακώς,
630 621 690 710 ἀφ’
714 620 816 700 ἱστίας
836 620 1005 710 ἀρξάμενος
1026 617 1104 705 αἷμα
1119 622 1257 715 συγγενίς
1274 620 1329 686 ἀν-

229 720 457 810 ιλρείου“τράποο
474 727 582 810 δεῖγμα
593 736 762 813 παρασχεῖν
778 725 891 792 ἅπασιν
910 723 1082 810 ἠβουλήθη.
1134 729 1185 790 καὶ
1209 731 1329 812 πρῶτον

228 829 286 910 μέν
298 829 505 917 Κωνσταντίρι
520 829 636 916 πατρὸς
654 829 779 917 ἀδελφῷ
796 831 848 896 διά
862 837 924 896 τῶν
940 835 1135 918 στρατιωτῶν
1151 826 1353 918 nuncupas-6

229 957 311 996 τιται
333 928 488 1011 θάνατον,
513 931 616 998 ίπειτα
639 936 690 1032 καὶ
715 935 887 1023 Δαλματίῳ
914 941 958 1022 τῷ
986 935 1122 1020 Καίσαρι
1146 931 1252 1020 ῥάπτει
1272 931 1329 1016 τὴν

228 1031 338 1117 ὁμοίαν
362 1031 543 1118 έπιβουλήν,
579 1043 836 1124 σοναναιρεθῇναι
859 1035 958 1126 τούτῳ
981 1040 1032 1103 καὶ
1052 1034 1204 1103 Ὀπτάτον
1224 1060 1329 1121 παρα-

227 1136 398 1217 ιτκιιάσας,
422 1137 457 1216 ὃς
469 1139 555 1226 παρὰ
569 1142 801 1207 Κωνσταιτίνοιι
814 1147 870 1224 τῆς
883 1141 970 1219 ἀξίας
981 1138 1135 1224 τετοχήκει
1148 1147 1205 1205 τοῦ
1217 1164 1328 1224 πατρι-

228 1245 295 1306 κιόιι
301 1292 313 1322 ,
338 1239 461 1329 πρώτου
478 1241 592 1328 ταύτην
608 1243 822 1328 ἐπινοήσαντας
837 1243 894 1329 τὴν
908 1242 1014 1328 τιμήν,
1039 1247 1090 1312 καὶ
1104 1247 1328 1329 προκαθῆσθαι

228 1344 301 1422 τοὺς
314 1343 427 1429 ταύτης
442 1346 627 1431 ἠξιωμένους
638 1355 700 1416 τῶν
713 1356 770 1432 τῆς
785 1349 881 1434 αὐλῆς
892 1345 1038 1434 ὑπάρχων
1052 1343 1327 1431 νομοθετήσαντος.
1336 1355 1370 1408 10

229 1450 365 1536 ἀνῃρέθη
382 1452 415 1514 δι’
428 1448 495 1516 τότε
505 1450 670 1535 Ἅβλάβιος
681 1450 698 1518 ὅ
710 1459 766 1535 τῆς
780 1453 876 1534 αάλῆς
890 1451 1028 1539 ὕπαρχος
1034 1499 1044 1531 ,
1069 1456 1125 1535 τῆς
1142 1452 1227 1534 δίκης
1239 1449 1328 1526 ἀξίαν

227 1553 312 1640 αὐτῷ
325 1553 431 1638 ποινὴν
447 1557 603 1641 έπιθείσης
619 1556 694 1621 ἀνθ’
714 1548 758 1623 ὧν
775 1554 935 1640 ἐβούλευσε
950 1553 1088 1621 θάνατον
1103 1551 1264 1640 Σωπάτρῳ
1283 1557 1328 1640 τῷ

227 1655 390 1744 φιλοσόφῳ
420 1656 531 1747 φθόνῳ
561 1667 618 1744 τῆς
645 1662 878 1726 Κωνσταντίνου
907 1659 985 1746 πρὸς
1012 1657 1105 1724 cirris
1136 1655 1328 1738 οἰκειότητος.

226 1758 328 1848 ὥσπερ
344 1763 378 1824 δι’
392 1762 471 1827 κατά
483 1761 586 1846 πάσης
596 1771 708 1851 χωρῶν
723 1771 779 1846 τῆς
796 1765 983 1848 συγγενείας,
1009 1765 1060 1828 καὶ
1072 1757 1328 1843 Ἀνναβαλλιανδν

224 1861 345 1939 τούτοις
356 1866 517 1948 έπέθηκεν,
541 1863 732 1950 ἀποθέμενος
743 1869 855 1948 έκβοάν
867 1876 931 1942 τοῖς
945 1862 1147 1952 στρατιώταις
1160 1861 1203 1938 ὡς
1216 1862 1272 1926 οὐκ
1289 1859 1328 1926 ἀν
1335 1864 1368 1920 15

225 1965 373 2051 ἀρχοντος
404 1964 508 2053 ἑτέρου
536 1969 617 2052 πλὴν
645 1978 707 2035 τῶν
729 1970 963 2034 Κωνσταντίνοιι
991 1969 1110 2033 παίδων
1135 1964 1326 2048 ἀνάσχοιντο.

224 2076 323 2134 ταῦτα
337 2071 394 2153 μέν
409 2069 490 2136 οὕτω
507 2074 710 2160 Κωνστανείῳ
726 2071 905 2156 διεπονήθη.

118 2197 144 2233 ³·
160 2179 215 2234 34⁰
331 2169 392 2244 41·
443 2177 664 2263 Κωνσταιτίνῳ
687 2177 721 2240 δέ
745 2178 798 2240 καὶ
818 2173 997 2242 Κώνσταντι
1012 2174 1080 2259 περὶ
1094 2179 1149 2256 τῆς
1161 2167 1222 2238 int
1235 2174 1326 2258 Καρ-

222 2273 340 2360 χηδόνα
361 2275 489 2362 Λιβύης
512 2281 564 2344 καὶ
581 2279 711 2356 Ἰταλίας
727 2279 888 2366 γενομένης
904 2274 1176 2364 ἀμφισβητήσεως,
1201 2273 1323 2364 ἀφυλά-

225 2406 287 2467 κτῳ
308 2379 495 2464 βουλόμενος
519 2379 535 2447 ὃ
558 2381 709 2460 Κάνστας
729 2384 896 2448 ἐπιθέσθαι
913 2381 1058 2470 τάδελφῷ
1079 2382 1128 2445 ἐπὶ
1150 2380 1206 2462 μέν
1222 2386 1366 2464 epternac

221 2481 334 2570 χρόνον
355 2485 412 2568 τήν
434 2485 552 2573 ἔχθραν
571 2485 685 2570 ίμεινεν
707 2484 915 2574 ίπικράπτων,
943 2481 1159 2574 καραδοκήσας
1174 2483 1207 2550 δὲ
1218 2481 1325 2570 χώρας

224 2584 372 2670 ἐπιβάντα
384 2589 462 2678 πρὸς
475 2588 570 2656 αὐτὸν
584 2593 694 2680 φιλίως
706 2589 836 2676 ἐχούσης
851 2589 961 2658 ἔστειλε
980 2585 1170 2678 στρατιώτας
1174 2636 1186 2669 ,
1210 2593 1256 2678 τῷ
1269 2587 1325 2671 μὲν

293 2785 317 2866 3.
336 2792 398 2854 post
423 2782 548 2868 συγγενὲς
570 2787 705 2860 Stephano
728 2786 821 2842 deesse
843 2787 948 2840 videtur
963 2781 1057 2870 ἐκχέας
1073 2787 1119 2838 out
1134 2783 1202 2836 aliod
1219 2782 1325 2853 partici-

290 2856 572 2980 pgurpfflpisptri‘epubfip·
668 2859 711 2921 ,11
731 2867 792 2928 post
810 2854 874 2913 τότε
891 2857 1009 2911 fortassis
1023 2854 1186 2910 inserendum
1201 2852 1259 2906 καί.
1292 2853 1322 2908 S.

291 3094 337 3150 40.
371 3095 485 3152 Tributn
502 3098 530 3151 in
545 3097 614 3150 hunc
628 3096 729 3150 modom
746 3113 793 3151 aun
805 3094 1029 3165 cuiqneinperin,
1048 3089 1229 3156 Constantius,
1248 3087 1322 3158 qnasi

223 3165 273 3234 qui
282 3167 344 3220 data
356 3185 436 3238 opera
445 3170 472 3221 in
483 3168 534 3221 lanc
544 3168 702 3220 incumberet
710 3183 744 3218 ne
752 3165 885 3235 impietate
896 3183 912 3218 a
924 3175 998 3234 patra
1016 3169 1198 3232 superaretur,
1216 3173 1323 3212 exorans

224 3235 333 3320 abipso
350 3237 420 3301 iare,
439 3237 542 3304 cognati
556 3236 689 3304 sanguinis
707 3235 831 3288 effusione
852 3234 949 3288 virilem
966 3231 1199 3286 onrntusanimun
1212 3229 1323 3299 probare

223 3302 314 3357 sulus&
349 3323 380 3357 ac
398 3307 504 3374 primum
524 3306 625 3374 quidem
643 3305 820 3357 Constantium
833 3311 949 3373 patruum
961 3320 976 3356 a
988 3300 1108 3354 miiitibus
1119 3298 1228 3352 interfici
1241 3303 1322 3380 curat.

222 3373 316 3426 deiide
326 3373 454 3427 Dalmatio
466 3375 573 3427 Caesari
584 3375 678 3426 similes
688 3373 792 3426 insidias
803 3373 894 3439 struit,
911 3375 1010 3442 Optato
1029 3387 1130 3440 quoquo
1147 3383 1203 3421 cum
1218 3369 1268 3420 hoc
1280 3383 1323 3418 rn-

223 3443 308 3494 tertici
318 3443 404 3507 iusso,
421 3443 465 3512 qni
477 3443 579 3512 patricii
589 3442 739 3510 dignitatem
750 3443 859 3512 adeptus
872 3460 888 3495 a
898 3440 1066 3494 Constantino
1077 3442 1172 3492 tuerat.
1207 3454 1263 3490 euru
1274 3437 1322 3488 hn-

222 3512 294 3563 noris
311 3511 414 3564 titulum
431 3513 527 3581 primur
545 3513 728 3564 Corratantinus
745 3512 952 3580 excogitaverat,
969 3511 1075 3580 lataque
1091 3510 1149 3577 lega
1159 3513 1281 3561 sanxerat
1292 3514 1323 3559 ut

223 3580 267 3648 qni
278 3581 344 3632 huuc
354 3583 485 3634 consecuti
495 3582 620 3648 fuissent,
637 3599 715 3650 supra
724 3582 796 3650 ipsun
808 3583 954 3650 praefectos
965 3579 1153 3652 praetoriorum
1164 3577 1322 3630 cursitarent.
1377 3625 1381 3640 ,

221 3656 284 3732 tunc
298 3657 326 3702 et
341 3649 465 3704 Ablabius
476 3651 628 3770 praefectur
677 3651 769 3734 oetnrii
778 3659 888 3734 'necatus
903 3658 959 3714 est,
975 3651 1032 3732 ipsa
1043 3647 1162 3700 Vindicta
1173 3646 1264 3701 merito
1275 3645 1323 3697 ho-

220 3718 1322 3857 ttttttttt‘tt‘tttrttntttttittt‘tttittthttttttt:

220 3865 262 3914 tra
282 3859 457 3927 cognationem
476 3860 619 3914 universam
635 3870 780 3928 gustatos,
796 3860 873 3912 etiam
884 3859 923 3910 his
935 3857 1126 3911 Anabaliianum
1139 3855 1246 3918 adiecit,
1263 3871 1321 3905 cnm

221 3928 314 3980 milites
332 3929 499 3982 subornasset
518 3938 548 3982 ut
567 3930 707 3982 clamarent
724 3929 830 3982 atterius
849 3927 955 3980 neminis
969 3927 1100 3998 inperium
1118 3942 1148 3979 sa
1165 3925 1235 3978 ferre
1245 3937 1322 3994 posse

221 4011 298 4066 quam
309 3997 472 4052 constamini
483 3999 600 4052 ntorum.
636 4005 664 4050 et
675 4001 742 4052 iaec
752 3997 855 4067 quidem
866 3997 1010 4050 Camunni
1019 3996 1092 4049 inere
1103 3994 1224 4048 facinora.

290 4064 333 4119 41.
367 4069 489 4120 Ceterum
507 4068 684 4122 controversia
699 4076 770 4121 mota
785 4067 854 4120 inter
865 4065 1061 4119 Constantinum
1073 4070 1100 4118 et
1110 4065 1275 4116 Constantem
1285 4060 1321 4114 da

220 4137 366 4206 pertinente
384 4137 419 4188 ad
437 4137 620 4222 Carthaginem
631 4138 720 4191 Africa
732 4138 818 4206 deque
828 4137 840 4188 1
843 4135 916 4204 talia,
935 4137 1062 4188 Constans
1076 4134 1203 4185 incautum
1214 4134 1320 4184 tratrem

222 4206 369 4275 opprimere
378 4206 468 4260 volens
477 4206 622 4260 inimicitias
632 4215 690 4260 tntu
702 4207 813 4260 triennio
825 4205 977 4270 dissimulat,
995 4209 1195 4272 exspectatoque
1206 4207 1321 4270 tempora

221 4292 273 4342 quo
296 4275 455 4346 provinciam
473 4277 525 4332 sibi
541 4277 618 4332 fidam
635 4290 663 4330 et
681 4277 830 4332 benevolam
848 4276 979 4346 ingressus
997 4281 1070 4343 erat,
1095 4272 1200 4340 ablegat
1219 4271 1322 4342 utititas,
