3025 4892
249 303 300 362 xx'
415 288 561 362 HEYNII
574 286 775 359 ratmunt
789 289 895 358 NOV.
909 271 1188 357 nosmet-nir.
1283 346 1286 352 .

133 489 161 544 p·
181 471 233 527 625
250 469 490 553 adolescentum,
511 475 650 536 manibus
668 473 822 534 excutient
835 472 991 550 nonnulli,
1013 473 1065 556 qai
1082 469 1122 533 de
1136 469 1258 531 zosimo
1269 466 1349 529 nibil

250 583 309 639 nisi
327 577 410 661 quod
431 580 523 639 sacris
543 575 718 638 Christianis
738 576 868 635 mlestus
888 577 981 638 inerit
1000 574 1201 636 inaudierant.
1243 584 1349 632 rerum

250 681 309 742 hoc
332 684 361 740 ei
382 681 497 741 fectum
519 678 711 760 opprobrimn
729 679 808 738 bane
828 676 918 738 diluit
938 680 976 739 cl.
998 676 1105 738 editor.
1146 693 1204 735 uec
1216 675 1351 735 alienum

249 787 306 843 erit
326 785 448 844 omnino
471 784 553 842 illins
572 783 678 841 aetatis
701 797 801 840 mores
819 777 951 860 perditos
970 796 1166 862 cognoscem
1189 787 1221 836 et
1235 785 1350 851 tenere,

248 863 474 966 imperatorum
486 885 652 944 aulicorum
674 881 895 943 monachorum
915 883 1011 943 vitam
1030 881 1110 943 nihil
1130 881 1198 940 iere
1207 877 1351 938 babuisse

249 981 573 1070 quod‘illtristianose
596 985 760 1065 gentilibus
780 983 978 1062 discerneret,
999 995 1120 1065 praeter
1132 967 1351 1042 odientem-

249 1111 316 1150 rum
336 1093 468 1172 partium
489 1087 618 1149 diversa.
660 1107 717 1147 nec
738 1105 827 1162 vero,
857 1089 917 1146 nisi
937 1075 1166 1168 corruptissimis
1179 1083 1350 1144 'hominum

248 1197 379 1273 iugeniia
392 1194 597 1273 moribusque,
618 1201 719 1249 tantae
735 1191 780 1248 rei
793 1190 932 1270 publicae
947 1190 1142 1270 corruptelae,
1156 1197 1220 1246 tam
1231 1186 1350 1243 alienae

249 1313 266 1354 a
284 1297 436 1356 communi
453 1296 582 1353 utilitate
595 1293 781 1366 volmrtates,
802 1301 866 1348 tem
878 1293 1101 1373 snperntltiosae
1114 1287 1153 1348 de
1167 1289 1255 1348 rebus
1269 1285 1350 1346 divi·

248 1401 295 1458 uie
311 1397 511 1479 humanisque
526 1398 735 1476 persuasiones
750 1393 1078 1472 obtinere'pctaissent.

330 1499 415 1560 Nihil
437 1501 556 1578 itaque,
577 1497 637 1554 nisi
656 1493 738 1576 quod
754 1505 810 1554 'aut
830 1496 905 1554 utile
924 1497 963 1554 sit
983 1504 1035 1552 aut
1049 1497 1082 1553 in
1097 1493 1259 1554 utilitatem
1271 1490 1350 1550 verti

248 1605 358 1683 possit,
381 1600 473 1660 hebet
489 1616 567 1657 nova
583 1597 697 1656 Zosimi
713 1591 827 1673 editio3
849 1600 934 1656 cuius
952 1594 1183 1675 descriptionem
1200 1596 1238 1654 cl·
1253 1593 1350 1652 editor

248 1715 327 1764 reete
347 1706 389 1762 ita
410 1700 556 1774 instituit,
578 1709 690 1758 utnon
710 1704 789 1761 intra
809 1702 970 1760 verborum
990 1701 1112 1758 criticen
1128 1719 1251 1780 operam
1262 1715 1352 1757 suam

250 1809 430 1879 contineret,
453 1799 507 1860 sed
528 1801 617 1860 rebus
632 1804 759 1862 narratis
775 1823 895 1885 quoqne
911 1800 1096 1862 illustrandIs
1110 1803 1244 1883 aliquam
1257 1798 1351 1860 studii

248 1917 366 1985 partem
379 1901 540 1963 addiceret.
584 1921 645 1983 qua
661 1905 692 1960 in
707 1923 738 1962 re
752 1905 811 1982 ipsi
822 1899 881 1962 boc
894 1900 1061 1961 videndum
1072 1913 1153 1980 erat,
1175 1920 1231 1979 ne,
1251 1904 1349 1983 inpri-

248 2009 306 2066 mis
327 2008 359 2064 in
376 2007 474 2084 priore
491 2006 589 2084 operis
601 2015 703 2084 porte,
725 2021 785 2086 qna
803 2006 971 2085 antiquiora
987 1986 1115 2064 strictim
1127 2015 1349 2087 percurruntur,
1424 2029 1427 2034 ·

249 2111 340 2168 annis
360 2106 489 2167 disertm
506 2127 571 2166 esse
587 2107 689 2165 vellet.
732 2108 766 2165 in
787 2115 924 2165 extrema
944 2126 1016 2166 saue
1033 2117 1118 2187 parte
1140 2105 1350 2166 desiderabam

249 2206 402 2268 interdum
415 2206 637 2288 diligentiorem
654 2227 754 2266 rerum
770 2208 1017 2269 illustrationem:
1038 2210 1127 2270 facile
1141 2219 1243 2268 tamen
1256 2209 1349 2268 intel·

249 2315 313 2372 lexi
331 2313 364 2370 iu
380 2313 488 2372 multis
510 2331 576 2371 esse
596 2313 753 2372 Zosimum
776 2321 928 2370 auctorem
943 2313 1082 2387 unicum,
1103 2313 1136 2370 iu
1151 2312 1219 2369 aliis
1231 2309 1350 2390 praeci-

250 2433 361 2495 punm3
389 2432 468 2494 qnae
487 2412 643 2472 autem'ab
663 2414 731 2472 aliis
749 2425 969 2490 memorentur,
990 2434 1052 2475 uon
1071 2435 1136 2475 esse
1152 2414 1350 2493 locupletiora

251 2529 302 2576 aut
314 2515 528 2590 lnctdeutlora3
550 2515 588 2574 lis
602 2533 674 2574 vero
688 2517 741 2597 qui
757 2514 908 2595 disputata
921 2537 1013 2597 cuper
1027 2515 1075 2576 lale
1090 2515 1222 2577 historiis
1236 2534 1350 2594 cogno·
1407 2563 1411 2571 .

164 2603 169 2622 '
250 2639 332 2679 scere
354 2620 456 2679 volent
475 2619 643 2697 propositos
657 2639 722 2679 ease
735 2619 926 2678 Tillemontii
941 2630 972 2678 et
984 2639 1082 2699 nuper
1094 2621 1222 2680 Gibboni
1237 2620 1349 2692 libros3

250 2721 289 2782 de
306 2721 438 2782 barberio
452 2721 594 2800 pleraque
609 2739 674 2780 esse
689 2719 850 2802 diligenter
861 2720 970 2782 tradita
982 2742 1001 2782 a
1011 2725 1177 2799 Mamurio,
1198 2723 1350 2791 breviores

250 2835 352 2885 autam
369 2827 491 2884 notitias
508 2831 625 2880 exstare
640 2823 778 2904 inopere
798 2821 965 2884 (iutbriano
986 2825 1144 2906 (inprimis
1158 2825 1218 2888 Η
1239 2824 1259 2889 6
1279 2845 1311 2904 p·
1329 2827 1349 2887 1

251 2937 281 2985 et
296 2925 333 3002 4,
355 2936 376 2985 t.
393 2925 431 2992 15
445 2945 476 3005 p.
493 2921 542 3002 1).
586 2933 717 2986 ceterum
731 2925 770 2986 de
785 2927 918 2987 consiliis
931 2929 994 2988 saie
1011 2929 1049 2986 cl.
1064 2927 1161 2987 editor
1175 2929 1241 3005 ipse
1253 2927 1351 2985 lecto-

252 3047 317 3086 rem
335 3029 407 3086 eatis
424 3025 585 3105 diligenter
598 3024 734 3105 edomuit,
754 3049 857 3109 neque
870 3031 935 3088 eius
951 3047 1041 3108 opera
1057 3038 1088 3087 et
1102 3028 1236 3086 doctrina
1247 3037 1350 3085 noetra

251 3127 510 3188 commendatione
530 3126 664 3208 indiget:
694 3132 860 3210 specimina
875 3125 1051 3188 eruditionis
1072 3147 1144 3188 suae
1163 3130 1232 3204 ille,
1254 3129 1292 3186 ab
1312 3149 1350 3188 eo

251 3229 322 3290 iude
345 3242 479 3311 tempore
502 3251 562 3312 quo
582 3234 735 3292 seminarii
749 3229 926 3310 philologici
939 3227 1077 3288 sodalitio
1094 3229 1259 3311 adscriptus
1273 3242 1349 3308 erat,

251 3335 406 3412 proposuit
426 3351 496 3390 cum
517 3333 593 3410 alia,
616 3343 681 3392 tum
702 3342 883 3413 reportatam
902 3332 950 3391 bis
969 3334 1002 3392 in
1023 3335 1165 3394 societate
1181 3336 1352 3416 antiquaria

253 3433 414 3493 Geseelaue
425 3435 577 3514 palmam,
598 3438 796 3517 alteramque
807 3434 847 3494 ad
859 3437 1004 3494 victorem
1017 3439 1157 3516 proximo
1169 3437 1236 3496 loco
1247 3455 1350 3496 acces-

253 3535 309 3610 sit,
337 3535 375 3594 de
400 3533 475 3598 luxu
498 3537 743 3610 Atheniensem,
773 3538 899 3596 alteram
919 3541 1089 3619 victricem,
1118 3541 1155 3600 de
1179 3538 1350 3602 carduum

252 3659 404 3698 cervorum
415 3643 493 3700 iuter
506 3641 636 3700 Graecus
646 3642 770 3722 eiusque
779 3640 1049 3715 vicsbss'tuda'nibm
1069 3661 1198 3723 quarum
1211 3654 1350 3702 neutram

252 3761 271 3800 e
286 3743 426 3803 societate
438 3745 523 3827 prelo
538 3761 681 3802 excusam
699 3763 764 3804 esse
779 3743 971 3823 impatienter
986 3745 1128 3821 ieriruus3
1148 3744 1271 3804 tandem
1286 3756 1350 3804 ter·

253 3846 327 3904 tiata
349 3845 482 3925 palmam
504 3847 638 3926 principe
659 3847 725 3905 loco
747 3865 839 3924 snper
860 3849 1035 3928 quaestione
1054 3867 1074 3907 a
1092 3851 1233 3909 societate
1254 3851 1349 3926 liegla

253 3947 444 4028 Gottingensi
468 3951 620 4028 proposita
642 3947 680 4006 de
701 3968 734 4005 re
754 3945 907 4008 metallica
926 3962 1068 4011 veterum.
1111 3927 1209 4032 imper
1228 3969 1350 4032 quoque

253 4049 290 4106 de
310 4052 426 4130 urigine
446 4061 475 4112 et
492 4053 608 4110 rutrum
619 4052 803 4130 qrraeatrbnis
817 4052 896 4110 inm
911 4053 1044 4112 Graecos
1053 4064 1086 4111 et
1096 4053 1252 4111 Romarm
1263 4072 1360 4112 com··

253 4161 402 4213 mentatus
415 4165 477 4232 est,
500 4173 569 4214 curu
583 4171 716 4215 summos
732 4155 765 4212 in
780 4153 845 4212 iure
859 4151 990 4217 honores
1003 4165 1244 4238 consequeretur.
