3025 4892
612 277 854 347 rmsrsno.
917 227 922 242 ⁸
1235 309 1279 355 xv

185 457 292 518 eadem
310 459 383 534 fuit,
405 461 447 518 ita
470 471 504 519 ut
526 463 651 538 Latina,
673 463 725 522 ubi
748 464 781 522 in
803 465 925 526 Graecis
946 468 1108 550 quicquam
1129 479 1278 532 mutatum

184 573 278 638 ssset,
302 561 340 622 ad
355 562 484 622 eundem
497 571 619 625 sensum
634 565 861 646 corrigerentur.

268 669 363 738 Quam
384 669 416 724 in
433 669 511 726 notis
525 667 633 729 criticis
648 668 820 730 ordinandis
838 681 957 731 secutus
971 691 1039 731 sum
1052 673 1168 752 legem,
1189 686 1223 733 ut
1239 675 1276 734 ab

182 771 406 848 evagationibus
429 768 468 827 ad
489 792 537 830 res
556 784 607 831 eut
622 773 734 832 alienas
759 784 810 832 eut
830 793 938 852 parum
958 779 1139 835 necessarias
1154 796 1275 855 operam

179 891 280 929 meam
293 875 491 948 continerem,
514 871 789 956 adstringeremque
802 893 872 934 eam
889 874 1078 934 solummodo
1092 872 1132 934 sd
1147 897 1182 935 ea
1197 894 1273 958 quae

179 977 293 1035 Zosimi
315 987 403 1051 sunt,
423 974 552 1034 easdem
570 980 602 1034 in
620 979 658 1054 iis
678 991 760 1057 quas
778 974 817 1036 de
838 979 933 1057 ipsius
951 971 1010 1038 fids
1025 987 1056 1036 et
1070 999 1170 1037 rerum
1182 981 1220 1036 ab
1235 1000 1272 1038 eo

177 1077 356 1140 traditarum
383 1081 506 1140 veritate
531 1077 724 1161 disceptanda
750 1091 835 1140 erant
862 1080 1076 1162 praescriptam
1102 1079 1179 1140 mihi
1206 1097 1271 1141 esse

177 1183 270 1240 volui.
312 1180 446 1242 historici
457 1186 558 1242 autem
571 1179 740 1263 argumenti
752 1182 1024 1242 animadversiones
1036 1200 1053 1241 1
1067 1182 1174 1244 criticis
1185 1203 1270 1244 seor·

175 1285 234 1340 sim
255 1289 371 1363 positas
393 1298 480 1362 sunt,
500 1305 540 1346 111
564 1286 744 1348 cumulanda
765 1299 906 1347 notorum
923 1287 1003 1353 mole
1018 1297 1047 1345 et
1062 1285 1213 1346 onerando
1230 1290 1269 1346 iis

175 1397 317 1445 contextu
339 1385 473 1446 taedium
499 1399 528 1448 et
551 1377 710 1450 difficultas
729 1400 884 1471 pareretur
901 1382 1071 1448 lectorIBus.
1113 1393 1269 1448 versantur

175 1503 228 1544 eae
251 1491 302 1547 vel
321 1493 354 1547 in
377 1496 546 1570 argumenti
564 1513 681 1553 summa
699 1495 750 1552 vel
766 1495 799 1551 in
817 1493 944 1572 singulis
958 1491 1100 1551 historiae
1113 1492 1265 1572 partibus3

173 1607 301 1669 quarum
318 1603 456 1652 notarum
475 1592 553 1652 illud
570 1615 663 1673 genus
677 1594 759 1676 quod
770 1594 809 1652 ad
820 1593 911 1653 fidem
922 1597 1056 1652 maxime
1068 1595 1183 1651 Zosimi
1194 1612 1265 1671 spe-

173 1704 250 1768 ctat,
271 1697 304 1750 in
326 1697 543 1774 Disquisitione
563 1698 639 1755 libro
659 1699 824 1776 praemissa
849 1693 1114 1776 comprehensum,
1137 1695 1266 1752 alterum

171 1796 202 1852 in
218 1814 278 1874 quo
293 1793 331 1853 de
345 1799 472 1875 singulis
486 1799 560 1858 locis
574 1803 741 1880 quaeritur,
762 1802 796 1857 in
810 1800 1029 1858 Commentario
1040 1795 1180 1854 historico
1192 1815 1265 1874 pro-

169 1899 301 1974 positum
322 1908 377 1957 est.
419 1903 452 1963 in
473 1912 599 1982 utroque
623 1899 657 1959 id
678 1903 816 1982 inprimis
836 1921 959 1981 operam
975 1897 1130 1973 dedimus,
1151 1907 1263 1955 utnon

169 1997 258 2058 modo
274 1998 418 2060 diluceret
438 2013 550 2084 quanta
564 2005 678 2062 Zosimi
693 2006 733 2064 sit
751 2001 791 2062 111
807 2002 898 2062 fidem
917 2017 1019 2061 rerum
1033 2002 1070 2058 ab
1086 2016 1122 2058 eo
1136 2003 1263 2078 scripta-

169 2121 235 2160 rum
256 2107 432 2182 auotoritas,
452 2105 508 2166 sed
532 2109 623 2166 etiam
647 2125 722 2187 quos
744 2118 775 2166 et
796 2106 901 2187 quales
917 2114 1035 2164 secutus
1059 2105 1098 2161 sit
1117 2112 1262 2175 auctores,

168 2223 245 2284 quse
270 2210 392 2287 propria
413 2208 441 2266 ei
466 2212 541 2283 sint,
563 2227 641 2288 quae
661 2229 731 2266 cum
748 2210 816 2267 aliis
832 2210 1019 2280 communia,
1039 2215 1070 2262 et
1082 2224 1159 2284 quae
1172 2203 1211 2261 ab
1225 2223 1261 2261 eo

167 2311 276 2368 omissa
291 2320 342 2368 aut
356 2331 513 2391 perperam
523 2309 650 2386 tradita3
673 2314 756 2370 cuius
771 2315 815 2369 rei
827 2308 941 2390 siquid
953 2328 972 2366 a
986 2307 1186 2386 superioribus
1198 2309 1260 2364 ium

167 2408 328 2471 editoribus
343 2426 519 2494 componun
533 2428 731 2490 cerneremus,
753 2407 831 2473 illud
844 2412 1007 2474 adsciscere
1027 2421 1057 2468 et
1071 2407 1112 2466 ad
1124 2418 1260 2468 nostrum

166 2514 389 2575 accommodare
412 2519 570 2576 consilium
589 2531 651 2576 non
663 2519 762 2595 magis
778 2515 980 2592 dubitavimus
995 2527 1089 2594 quam
1101 2515 1135 2570 in
1147 2510 1259 2570 admit-

165 2614 261 2675 tendis
276 2617 583 2678 animadversionibus
597 2619 643 2678 Io.
662 2619 747 2678 Dan.
767 2619 892 2688 Ritterr)
913 2615 954 2674 ad
968 2617 1101 2695 exempli
1113 2635 1172 2696 quo
1186 2607 1258 2673 usus

165 2729 227 2776 erat
240 2739 324 2778 oram
337 2717 511 2802 adscriptis,
532 2731 563 2780 et
576 2719 763 2779 humanitate
780 2719 896 2780 domini
912 2722 976 2777 eius
990 2718 1078 2794 libri,
1099 2719 1146 2775 Io.
1165 2719 1253 2795 Aug.

166 2821 328 2903 Wagueri,
349 2844 440 2906 quem
453 2822 560 2885 schole
570 2821 825 2899 merseburgensis
839 2830 1040 2881 conrectsrem
1053 2817 1162 2893 habet,
1188 2839 1255 2876 meo·
1271 2834 1301 2887 pa
1319 2833 1369 2871 xrv

162 2943 229 2982 cum
251 2929 487 2986 communicatis.
529 2929 563 2986 in
586 2928 687 2984 critica
706 2922 830 3005 quidem
845 2943 876 2982 11
890 2925 967 2980 istae
980 2919 1252 2981 animadversiones

160 3023 242 3086 haud
253 3041 422 3105 versantur,
443 3039 568 3108 possunt
581 3039 682 3088 tamen
696 3023 735 3086 ed
747 3026 905 3086 historiam
915 3024 1140 3101 illustrandam,
1161 3045 1254 3104 prae·

161 3133 262 3189 sertim
278 3133 313 3191 in
334 3136 372 3193 iis
390 3135 465 3193 locis
487 3152 565 3215 quae
585 3153 602 3190 e
621 3129 834 3191 Theodosiano
854 3127 956 3189 codice
978 3129 1080 3188 lucem
1091 3131 1250 3210 accipiunt,

159 3231 262 3294 afferre
276 3236 448 3296 utilitatem·

239 3341 280 3397 Et
300 3337 383 3398 haec·
395 3337 520 3421 quidem
538 3334 637 3397 studio
651 3355 720 3396 meo
735 3333 861 3396 editioni
873 3334 945 3396 111111
957 3332 1120 3415 adiungere
1133 3334 1252 3394 allabo-

157 3443 237 3517 mvi,
248 3441 368 3523 'quibus
392 3445 419 3502 si
440 3441 515 3524 quid
535 3438 575 3499 ad
591 3439 684 3498 iidem
701 3443 818 3500 Zosimi
835 3437 1071 3518 pernoscendam
1087 3440 1251 3496 accuratius

156 3553 245 3624 atque
257 3543 297 3602 sd
309 3546 541 3624 intelligentiam
553 3545 713 3622 lucemque
727 3540 869 3602 historiae
882 3543 1028 3600 maiorem
1041 3539 1254 3600 redundaverit

156 3643 324 3727 cormnodi,
346 3660 517 3710 assecutum
536 3665 586 3705 me
607 3665 673 3706 esse
688 3646 801 3724 putabo
816 3642 851 3704 id
863 3642 946 3725 quod
958 3645 991 3702 in
1006 3647 1084 3708 rotis
1098 3645 1173 3722 nsit,
1194 3665 1251 3705 neo

154 3773 218 3813 rem
230 3755 370 3814 inutilem
380 3771 430 3811 me
442 3748 593 3832 peregisse
608 3748 783 3808 arbitrabor.

237 3859 397 3938 Gonmgae
412 3849 495 3923 11114
509 3854 694 3935 Septembris
711 3854 802 3918 1783·

589 4115 793 4127 ...u—m—
