3025 4892
557 261 829 350 msQuIsmo.
1089 322 1093 328 .
1139 283 1238 338 xmx

147 467 342 526 moneamus,
363 445 513 533 siquidem
532 449 565 510 in
588 450 808 511 Commentario
824 435 965 509 historico
976 431 1060 528 loce,
1082 469 1159 532 quae
1174 454 1238 516 sire

148 543 233 614 nulla
245 555 309 614 sire
324 554 424 636 aliqua
436 555 509 614 iuris
523 555 621 634 specie
635 556 667 612 in
682 555 881 634 suspicionem
895 550 1023 615 adducta
1035 563 1104 613 sunt
1116 568 1168 616 eut
1181 557 1238 619 ed-

150 655 221 716 duci
230 667 364 737 possunt,
386 657 441 716 sub
456 675 584 715 examen
596 659 768 717 vocavimus
781 667 811 716 et
823 655 861 715 de
873 657 1111 719 criminationum
1124 666 1156 722 ri
1167 683 1239 722 sen.

148 761 275 820 tentiam
287 769 419 818 nostram
433 763 706 839 pronuntiavimus,
729 757 766 818 de
778 761 897 820 silentio
910 759 1036 819 eliorum
1050 755 1237 832 scriptorum,

148 861 183 920 in
197 879 256 942 quo
271 858 353 920 haud
366 863 510 942 exiguum
525 865 587 922 suis
599 863 762 923 rationibus
776 861 995 922 firmamentum
1009 863 1139 942 positum
1154 868 1184 918 et
1201 851 1241 914 ad

150 965 388 1023 crIminationem
408 966 522 1024 Zosimi
543 967 615 1024 satis
635 954 702 1024 scre
724 965 819 1024 telum
839 965 897 1024 sibi
915 963 1018 1024 datum
1039 974 1161 1044 putent,
1179 957 1240 1021 hoo

150 1075 268 1126 tentum
281 1064 379 1126 dicere
392 1067 490 1142 liceat,
512 1069 632 1127 omniuo
646 1065 685 1126 ed
698 1065 932 1148 oppugnandum
943 1068 1099 1127 Zosimnm
1113 1085 1131 1124 a
1146 1066 1241 1125 silen-

150 1170 193 1228 tio
206 1171 352 1228 rationem
368 1166 510 1228 idoneam
524 1179 589 1229 tum
603 1173 818 1250 suppetituram
830 1171 942 1247 fuisse,
964 1171 990 1230 si
1010 1171 1166 1251 scriptores
1182 1187 1241 1226 no-

117 1265 120 1278 ’
150 1272 198 1331 his
217 1283 406 1351 superessent
417 1273 441 1331 ii
454 1291 472 1331 a
487 1274 596 1354 quibus
610 1293 712 1332 earum
728 1293 828 1332 rermn
841 1273 971 1332 narratio
986 1273 1153 1351 exspectari
1166 1289 1241 1351 pos-

151 1386 213 1450 set3
235 1375 447 1450 slAmsniani,
469 1374 599 1434 hominis
618 1387 648 1434 et
667 1377 838 1455 peritissimi
858 1385 888 1435 et
904 1372 963 1434 fide
981 1372 1166 1454 dignissimi,
1187 1370 1239 1429 hi-

151 1479 275 1537 storiam
287 1487 317 1536 et
330 1479 477 1556 integram
491 1487 521 1536 et
533 1481 610 1537 ultra
624 1474 790 1537 Theodosii
804 1488 940 1559 tempora
956 1475 1130 1558 perductam
1144 1471 1240 1532 habe-

150 1597 263 1638 remus.
306 1599 375 1638 curn
391 1599 462 1639 vero
483 1589 565 1638 tanta
584 1582 623 1638 sit
640 1577 848 1639 historicorum
861 1599 902 1638 ex
913 1579 975 1638 illis
986 1577 1170 1659 temporibus
1184 1595 1241 1655 pe·

149 1683 254 1756 nuria,
274 1681 409 1740 maxime
425 1699 528 1739 eorum
540 1684 592 1763 qui
604 1701 650 1740 res
663 1691 763 1760 gestae
780 1702 799 1740 a
813 1683 1005 1741 Constantino
1023 1692 1053 1739 et
1068 1675 1241 1739 Theodosio

151 1801 224 1841 cum
242 1779 301 1840 fide
323 1801 358 1840 ac
380 1779 538 1862 diligenter
551 1781 744 1860 tradiderim,
765 1785 818 1864 qui
831 1782 954 1842 tandem
967 1793 1036 1842 sunt
1050 1783 1074 1841 ii
1086 1785 1244 1862 scriptores

152 1883 194 1942 ad
216 1903 291 1964 quos
311 1903 471 1962 provocare
493 1903 679 1965 quorumque
699 1888 873 1944 auctoritate
888 1883 979 1945 fidem
994 1886 1109 1945 Zosimi
1122 1883 1244 1942 conrel-

153 1987 217 2046 lere
229 1986 316 2044 nobis
327 1984 437 2046 liceat‘i
460 1985 498 2045 ad
509 1989 686 2066 Eutropium
699 1997 729 2046 et
739 1989 906 2064 Victorem,
930 1990 983 2068 qui
995 1988 1141 2046 breviaria
1152 1980 1245 2044 modo

154 2085 359 2168 scripserunt‘i
387 2107 461 2146 num
481 2085 520 2146 ed
542 2087 777 2148 Christianorum
796 2088 968 2166 historicos,
988 2089 1125 2169 inprimis
1147 2089 1247 2146 liuse-

154 2193 256 2268 bium,
288 2192 341 2271 qui
362 2193 418 2250 etsi
441 2189 539 2250 studio
560 2209 630 2252 rera
647 2189 787 2251 tradendi
808 2195 881 2254 satis
903 2202 1002 2252 essent
1022 2191 1148 2266 imbuti,
1183 2206 1247 2246 non

154 2290 247 2352 modo
271 2290 460 2372 disciplinam
478 2295 523 2352 rei
541 2292 678 2374 publicae
694 2304 724 2354 et
740 2313 863 2354 causam
873 2295 992 2374 imperii
1005 2305 1057 2352 eut
1070 2310 1177 2374 parum
1194 2309 1247 2349 co-

155 2395 339 2475 gnoscebant
358 2404 409 2453 aut
427 2413 547 2473 prorsus
567 2397 761 2476 ignorabant,
783 2398 821 2456 ab
840 2395 1057 2479 hominumque
1081 2416 1139 2456 usu
1158 2403 1190 2453 et
1208 2393 1247 2452 iis

156 2516 235 2580 quae
255 2515 320 2554 rem
336 2496 489 2575 publicem
504 2499 694 2558 continebant
709 2511 793 2560 erant
805 2500 913 2577 alieni,
935 2498 1093 2561 sedetiam
1106 2496 1247 2557 historias

156 2598 325 2661 scribebant
345 2601 378 2657 in
402 2598 511 2679 quibus
529 2619 585 2680 pro
599 2603 726 2662 instituti
738 2603 853 2661 ratione
864 2605 908 2662 rei
920 2603 1135 2663 ecclesiasticae
1147 2600 1246 2679 potius

158 2721 251 2784 quam
265 2701 403 2759 militaris
418 2711 448 2760 et
463 2701 559 2760 civilis
574 2723 675 2760 curam
694 2701 805 2762 habere
821 2724 872 2762 eos
885 2704 1054 2783 oportebat,
1075 2703 1170 2763 veluti
1187 2701 1247 2760 So·

158 2813 287 2878 oratam,
309 2803 525 2879 Sozornenurn,
547 2800 788 2882 Theodoretum,
809 2802 1064 2884 Philostorgimui
1104 2821 1247 2862 nonnun-

159 2925 252 2988 quam
268 2907 425 2985 scriptores
438 2903 510 2964 dicti
521 2925 582 2964 non
596 2905 739 2986 abrogent
753 2909 873 2967 Zosimo
885 2905 985 2983 fidem,
1006 2905 1060 2966 sed
1073 2905 1248 2965 confirment

160 3009 213 3068 vel
232 3011 266 3066 iu
286 3009 359 3088 ipsis
384 3007 456 3066 locis
477 3027 518 3068 ex
537 3009 645 3090 quibus
665 3021 834 3090 suspectam
853 3019 884 3070 et
903 3019 1121 3070 controversam
1134 3006 1248 3068 Zosimi

159 3107 252 3169 fidem
265 3111 317 3168 elii
329 3110 455 3170 faciunt.

245 3216 282 3272 ln
292 3209 414 3271 historia
426 3214 636 3292 igiturzosimi
648 3214 674 3274 si
686 3215 758 3274 vitia
773 3211 921 3297 quaedam
933 3217 1095 3296 exceperis,
1110 3233 1187 3296 quae
1198 3213 1249 3272 rel

162 3315 314 3394 scriptoris
340 3317 454 3374 incuria
482 3317 532 3376 rel
556 3317 744 3376 librariorum
767 3316 900 3376 socordia
925 3319 958 3375 in
980 3336 1049 3376 eam
1067 3319 1250 3398 irrepserrmt

164 3419 250 3499 (uam
266 3429 295 3476 et
307 3417 344 3476 ah
359 3416 416 3477 hac
429 3421 522 3499 repeti
535 3439 622 3498 posse
632 3419 698 3478 loca
711 3421 856 3478 nonnulla
868 3421 986 3479 turbata
999 3421 1143 3500 suspicari
1155 3415 1252 3498 licet),

163 3522 191 3579 si
203 3540 291 3600 porro
307 3521 497 3582 acerbitatem
512 3522 576 3581 eius
588 3525 621 3580 iu
636 3519 884 3601 reprehensione,
906 3525 1043 3604 quamvis
1063 3525 1155 3599 iusta,
1177 3541 1252 3580 con·

164 3619 332 3699 donaveris,
348 3625 520 3704 scriptorem
529 3621 705 3682 habebImus
717 3625 750 3682 in
763 3643 821 3705 quo
835 3635 952 3704 praeter
963 3623 1067 3685 iudicii
1078 3629 1149 3686 satis
1162 3625 1252 3699 acuti,

164 3728 257 3784 etiam
279 3723 350 3783 fidei
370 3737 400 3785 et
422 3727 602 3786 auctoritatis
621 3728 753 3786 eminent
772 3724 883 3785 indicia
901 3746 973 3786 vera
989 3739 1019 3787 et
1031 3729 1198 3803 luculenta,
1220 3735 1254 3784 ut
1269 3748 1298 3801 p.
1312 3741 1392 3792 xxxv

164 3824 325 3907 iudignum
348 3826 444 3888 rideri
465 3833 558 3910 possit
570 3841 634 3890 tam
648 3829 819 3890 diuturnam
830 3833 863 3889 in
878 3832 998 3890 Zosimo
1016 3831 1182 3891 calumniae
1197 3846 1253 3887 ra-

165 3930 258 3989 luisse
276 3925 465 4010 opinionem,
485 3935 545 3992 nisi
555 3935 587 3991 in
601 3933 758 4012 propatulo
775 3942 853 3993 esset
867 3931 1049 4011 Christianos
1062 3931 1200 3991 homiues
1214 3929 1252 3989 ob

164 4051 285 4092 sereres
299 4033 361 4090 eius
374 4035 407 4091 in
421 4053 541 4092 suarum
556 4037 686 4113 partium
699 4034 837 4096 homines
850 4038 999 4096 stricturas
1011 4034 1207 4114 sugillationis
1221 4035 1250 4091 ei

163 4141 317 4196 maculam
334 4140 465 4198 inustam
484 4139 623 4200 relisisse.
664 4141 708 4198 iro
732 4150 762 4198 et
782 4136 895 4196 invidie
912 4139 990 4198 inter
1004 4136 1188 4198 diversarum
1201 4157 1251 4195 re-

161 4241 313 4322 ligionum
333 4241 459 4304 asseclas
483 4244 649 4324 consopita,
677 4263 747 4304 cum
772 4241 961 4327 aequioribus
979 4261 1060 4302 nuno
1078 4241 1164 4302 nobis
1186 4259 1251 4301 esse
