3025 4892
222 319 280 371 xcv
634 298 907 370 REITEMEIEBI

264 479 295 546 8·
321 481 418 540 cades
431 482 496 548 526
513 483 642 544 ciuem
661 482 733 544 tibi.
754 483 974 564 bombycinus,
995 483 1107 544 saeculi
1123 486 1181 559 16,
1202 485 1273 542 libri
1285 486 1318 548 6.

233 633 236 640 .
307 586 499 644 Morrtfauotm
515 588 536 644 l.
554 603 580 644 c.
655 637 658 643 .

115 707 142 758 p.
163 701 203 744 atr
264 689 296 746 iu
318 691 475 764 Hispania

265 795 297 856 9.
321 793 433 848 Zosimi
447 792 602 850 Historiae
615 811 710 852 novae
724 789 827 852 libris
840 800 909 850 oum
923 795 1052 871 Euuapii
1066 790 1102 850 de
1116 793 1192 850 Vitis
1204 789 1318 869 Sophi-

205 943 209 965 ,
308 903 431 952 stanam.
473 893 536 952 rid.
550 897 653 953 lr'iarte
667 895 800 972 catalog.
814 913 904 954 macr.
919 897 1024 954 Graec.
1036 897 1111 954 bibl.
1125 895 1318 965 Matritensis,

204 980 206 991 '
308 997 407 1070 1769,
428 995 483 1054 f01.
498 1016 528 1075 p.
543 999 615 1062 277.

224 1096 257 1156 lri
281 1109 351 1156 suut
371 1097 488 1158 codices
510 1101 579 1179 qui,
601 1095 684 1179 quod
708 1100 817 1174 sciam,
839 1093 1007 1162 criticorum
1026 1101 1165 1160 manibus
1184 1096 1321 1157 nondum

224 1203 334 1262 versati
352 1203 459 1260 auxilii
477 1201 569 1257 futuri
583 1219 668 1278 spem
682 1202 826 1262 incertam
841 1204 996 1282 praebent.
1038 1205 1071 1260 in
1084 1201 1260 1281 Musqumai
1272 1197 1320 1256 bt-

228 1301 373 1371 dlrotkeeo
391 1304 424 1362 S.
446 1301 575 1380 Synodi,
596 1303 647 1360 ubi
661 1315 846 1382 compertum
858 1304 1007 1364 habebam
1024 1305 1192 1364 conservari
1206 1303 1321 1362 Zoana

229 1407 343 1481 capito,
376 1415 410 1463 ut
435 1403 599 1470 commodis
623 1399 762 1466 editionis
784 1427 880 1467 novae
902 1406 1048 1487 augendis
1069 1405 1151 1464 haud
1173 1404 1320 1478 deessem,

232 1507 415 1577 Stritlernm,
440 1507 639 1565 clarissimum
656 1511 755 1566 virum
768 1530 803 1568 ac
818 1509 855 1568 de
869 1513 1101 1590 Byzantinorum
1115 1505 1239 1566 historia
1253 1525 1321 1564 mea

228 1603 418 1686 aimoinum,
440 1613 534 1672 literis
550 1613 717 1692 appellavi,
731 1624 771 1678 ,ut
786 1611 906 1672 doceret
923 1632 998 1670 nam
1012 1609 1171 1692 quidinde
1182 1610 1319 1669 utilitatis

228 1731 296 1773 mco
314 1717 397 1793 operi
417 1719 526 1774 arcessi
543 1719 654 1797 poesitt
677 1729 782 1780 rerum
797 1714 1021 1776 humanissimis
1036 1705 1093 1772 riri
1106 1712 1268 1772 doctissimi
1281 1713 1321 1767 li-

226 1818 298 1874 teris
321 1818 460 1875 intellexi
480 1837 545 1875 esse
565 1817 645 1874 illud
661 1835 754 1894 opus,
775 1817 809 1874 td
825 1815 908 1896 quod
925 1817 975 1873 rel
990 1835 1101 1874 iromen
1114 1835 1186 1892 prae
1198 1835 1230 1874 sa
1243 1815 1321 1872 ferra

225 1916 398 1992 ridebatur,
420 1929 480 1976 tion
497 1916 632 1977 historici
647 1921 757 1993 nostri,
779 1916 834 1976 sed
847 1915 885 1980 cti
900 1913 1050 1993 κεφάλαια
1066 1913 1224 1982 cuiusdam
1237 1935 1321 1974 asce-

226 2031 285 2078 tae.
328 2022 430 2100 itaqua
446 2018 486 2078 ad
501 2031 676 2078 contextum
688 2022 803 2080 Zosimi
817 2017 1072 2094 constituendum,
1094 2028 1125 2076 et
1139 2032 1217 2098 quac
1231 2021 1260 2076 ei
1271 2020 1322 2074 in-

226 2121 344 2180 sideant
356 2121 466 2180 menda
477 2121 621 2197 tollenda,
632 2112 811 2204 'quanquam
824 2122 999 2183 destitutum
1009 2141 1060 2179 me
1073 2119 1213 2180 subsidiis
1223 2139 1321 2179 mem·
1347 2173 1350 2176 ,

225 2223 388 2292 brenacum
409 2226 586 2311 censebam,
616 2224 738 2284 aliunde
759 2237 861 2284 tamen
882 2223 1079 2283 animadverti
1096 2242 1184 2303 posse
1206 2221 1322 2303 aliquid

227 2326 327 2386 afferri
340 2326 380 2386 ad
393 2349 461 2387 eam
474 2349 539 2388 rem
552 2330 676 2387 auxilii:
698 2329 828 2388 formam
840 2331 921 2386 enim
933 2329 1075 2386 orationis
1087 2330 1243 2386 &enneae
1256 2337 1322 2384 stu-

227 2427 277 2488 dio
299 2432 485 2510 exploratam
509 2441 539 2490 et
562 2433 728 2510 cognitam,
750 2433 872 2510 linguae
890 2432 984 2508 ipsius
1002 2430 1173 2508 analogiam
1187 2448 1222 2486 ac
1238 2429 1322 2507 leg-es

228 2543 259 2591 et
278 2551 378 2592 rerum
398 2537 533 2612 ipsarum
548 2543 686 2591 naturam
703 2534 847 2592 vicariam
860 2530 1012 2613 quandam
1026 2529 1163 2591 codicum
1179 2531 1322 2611 praehere

228 2653 339 2712 opemp
356 2621 493 2714 inprimis
517 2655 588 2694 vero
609 2637 737 2694 lectione
757 2637 935 2713 scriPtorum
957 2655 975 2697 a
994 2635 1103 2716 qraibus
1115 2637 1323 2692 Zoslmtassua

229 2733 431 2815 deprompsit,
460 2740 593 2818 Dexippi
613 2740 743 2819 Eunapii
764 2750 795 2798 et
812 2738 1021 2819 Olympiodori
1043 2739 1247 2818 aliorumque,
1269 2740 1323 2818 qai

228 2839 279 2897 vel
291 2857 331 2896 ex
344 2837 450 2898 eodem
463 2859 522 2920 quo
535 2843 674 2902 Zosimus
685 2843 768 2901 fonte
782 2840 955 2917 hauserunt,
977 2852 1028 2899 aut
1039 2843 1092 2922 qui
1104 2844 1218 2901 Zosimi
1228 2843 1324 2920 ipsius

233 2943 439 3000 auctoritatem
460 2945 555 3000 secuti
571 2954 641 3002 sunt
656 2963 786 3024 eumque
804 2948 1037 3024 exscripserunt,
1059 2945 1154 3003 veluti
1165 2945 1323 3003 Sozomeni

232 3051 263 3110 et
278 3042 406 3118 Suidae,
429 3046 649 3123 comparatione
663 3047 759 3104 multa
770 3065 861 3124 posse
873 3047 1000 3105 restitui.
1042 3054 1132 3124 atquc
1150 3043 1187 3101 ab
1203 3042 1252 3101 his
1266 3040 1323 3101 ad-

231 3145 371 3204 iumentis
393 3148 571 3222 instructus,
594 3145 774 3228 adiumsque
789 3149 922 3207 urorum
936 3145 1090 3206 doctorum
1102 3142 1323 3205 emandationi-

229 3247 286 3306 bus
309 3256 339 3304 et
361 3249 537 3307 coniecturis
554 3251 668 3328 passim
686 3249 801 3324 obviis,
824 3249 878 3308 ubi
894 3250 1069 3308 temeritatis
1085 3248 1202 3306 abesset
1213 3257 1322 3322 matus,

229 3350 262 3406 in
277 3351 392 3406 vitiosis
404 3349 478 3408 locis
493 3343 733 3427 emendationes,
756 3365 833 3432 quas
852 3352 1075 3430 probatissimas
1095 3350 1322 3424 intellexissem,

230 3452 293 3510 eive
314 3461 413 3510 essent
432 3452 547 3512 alienae
566 3456 629 3513 sire
651 3452 688 3513 de
709 3455 819 3512 nostris
838 3465 993 3533 sumptae,
1013 3450 1172 3512 admittere
1197 3460 1229 3509 et
1249 3471 1324 3511 oon-

228 3555 327 3612 textui
340 3553 466 3630 inferre,
486 3558 543 3613 etsi
557 3555 635 3614 bene
650 3575 767 3614 memor
779 3558 864 3614 cuius
877 3554 1020 3614 audaciae
1033 3565 1138 3614 nomm
1152 3553 1233 3633 apud
1243 3574 1324 3614 non·

111 3683 141 3736 p.
158 3665 213 3716 xrn
230 3657 330 3715 nullos
345 3657 496 3716 subiturus
509 3676 615 3732 essem,
633 3667 735 3717 tamen
748 3655 878 3718 decreti.⁴
906 3657 1028 3739 quando
1038 3675 1109 3716 vero
1122 3659 1224 3716 minus
1235 3657 1324 3714 blan-

230 3758 364 3818 direntur
386 3763 589 3837 coniecturae,
617 3779 695 3842 quae
718 3758 840 3820 libidini
861 3761 961 3840 potius
981 3760 1092 3833 animi,
1113 3773 1191 3839 quaa
1211 3769 1324 3816 temere

230 3871 381 3940 grassatm
399 3863 432 3920 iu
450 3863 558 3939 verba,
586 3881 679 3944 quam
697 3865 820 3922 rationis
834 3882 873 3937 ac
882 3865 1067 3924 necessitatis
1081 3864 1210 3940 imperio
1222 3860 1325 3920 deberi

231 3961 419 4039 riderentur,
442 3965 652 4024 abstinendum
670 3965 707 4024 ab
728 3967 767 4024 iis
788 3975 884 4040 ratam,
904 3967 1032 4025 lectores
1056 3963 1094 4024 da
1116 3967 1154 4024 iis
1176 3981 1253 4044 quae
1272 3968 1325 4022 uui

233 4066 356 4124 alterive
381 4069 445 4125 viro
471 4065 557 4126 docto
582 4067 690 4126 melius
713 4067 804 4127 scribi
822 4069 887 4128 risa
908 4071 1030 4128 suntin
1051 4069 1132 4128 notis
1150 4067 1326 4129 brevissime

233 4171 338 4227 monui
352 4180 382 4227 et
393 4163 497 4228 iudicii
510 4167 547 4227 de
560 4171 598 4228 iis
611 4168 728 4228 ferendi
741 4172 860 4248 copiam
870 4169 940 4229 ieci.
972 4191 1008 4230 ac
1021 4173 1098 4230 ratio
1107 4181 1209 4230 nostra
1222 4189 1326 4230 emen-

235 4270 328 4330 dandi
348 4275 516 4332 versionem
535 4273 689 4348 Latinam,
722 4292 800 4354 quaa
822 4275 997 4335 Laundarii
1018 4270 1150 4335 secunda
1170 4284 1233 4348 est,
1264 4273 1327 4330 fere
