<?xml version="1.0" encoding="UTF-8"?>
<!DOCTYPE html PUBLIC "-//W3C//DTD XHTML 1.0 Transitional//EN"
    "http://www.w3.org/TR/xhtml1/DTD/xhtml1-transitional.dtd">
<html xmlns="http://www.w3.org/1999/xhtml" xml:lang="en" lang="en">
 <head>
  <title>
</title>
<meta http-equiv="Content-Type" content="text/html;charset=utf-8" />
  <meta name='ocr-system' content='tesseract 3.04.00' />
  <meta name='ocr-capabilities' content='ocr_page ocr_carea ocr_par ocr_line ocrx_word'/>
</head>
<body>
  <div class='ocr_page' id='page_1' title='image "./corpusscriptoru21theogoog/corpusscriptoru21theogoog_0438.png"; bbox 0 0 3025 4892; ppageno 0'>
   <div class='ocr_carea' id='block_1_1' title="bbox 287 285 977 366">
    <p class='ocr_par' dir='ltr' id='par_1_1' title="bbox 287 285 977 366">
     <span class='ocr_line' id='line_1_1' title="bbox 287 285 977 366; baseline 0.009 -14"><span class='ocrx_word' id='word_1_1' title='bbox 287 289 364 366; x_wconf 61' lang='lat'><strong>8⁸2</strong></span> <span class='ocrx_word' id='word_1_2' title='bbox 523 339 530 352; x_wconf 88' lang='lat'><strong>.</strong></span> <span class='ocrx_word' id='word_1_3' title='bbox 699 285 977 358; x_wconf 66' lang='lat' dir='ltr'><strong>mmm]</strong></span> 
     </span>
     <span class='ocr_line' id='line_1_2' title="bbox 757 357 764 366; baseline 0 0"><span class='ocrx_word' id='word_1_4' title='bbox 757 357 764 366; x_wconf 83' lang='grc'><strong>.</strong></span> 
     </span>
    </p>
   </div>
   <div class='ocr_carea' id='block_1_2' title="bbox 370 450 1396 536">
    <p class='ocr_par' dir='ltr' id='par_1_2' title="bbox 370 450 1396 536">
     <span class='ocr_line' id='line_1_3' title="bbox 370 450 1396 536; baseline 0 -22"><span class='ocrx_word' id='word_1_5' title='bbox 370 475 403 536; x_wconf 87' lang='lat' dir='ltr'><strong>p.</strong></span> <span class='ocrx_word' id='word_1_6' title='bbox 418 456 481 520; x_wconf 75' lang='lat'><strong>180</strong></span> <span class='ocrx_word' id='word_1_7' title='bbox 492 473 524 514; x_wconf 83' lang='lat' dir='ltr'><strong>r.</strong></span> <span class='ocrx_word' id='word_1_8' title='bbox 541 453 594 521; x_wconf 76' lang='grc'><strong>11.</strong></span> <span class='ocrx_word' id='word_1_9' title='bbox 636 451 678 514; x_wconf 89' lang='lat' dir='ltr'><strong>sd</strong></span> <span class='ocrx_word' id='word_1_10' title='bbox 695 450 753 514; x_wconf 88' lang='lat' dir='ltr'><strong>bes</strong></span> <span class='ocrx_word' id='word_1_11' title='bbox 769 455 910 536; x_wconf 82' lang='lat' dir='ltr'><strong>Procopii</strong></span> <span class='ocrx_word' id='word_1_12' title='bbox 926 470 1082 515; x_wconf 66' lang='lat' dir='ltr'><strong>meratus</strong></span> <span class='ocrx_word' id='word_1_13' title='bbox 1094 451 1271 516; x_wconf 77' lang='lat' dir='ltr'><strong>referendus</strong></span> <span class='ocrx_word' id='word_1_14' title='bbox 1283 457 1396 514; x_wconf 81' lang='lat' dir='ltr'><strong>linne-</strong></span> 
     </span>
    </p>
   </div>
   <div class='ocr_carea' id='block_1_3' title="bbox 257 537 1479 4375">
    <p class='ocr_par' dir='ltr' id='par_1_3' title="bbox 284 537 1396 707">
     <span class='ocr_line' id='line_1_4' title="bbox 286 537 1396 624; baseline 0.002 -24"><span class='ocrx_word' id='word_1_15' title='bbox 286 543 332 624; x_wconf 83' lang='lat' dir='ltr'><strong>pii</strong></span> <span class='ocrx_word' id='word_1_16' title='bbox 352 542 438 600; x_wconf 87' lang='lat' dir='ltr'><strong>loeus</strong></span> <span class='ocrx_word' id='word_1_17' title='bbox 456 544 518 600; x_wconf 81' lang='lat' dir='ltr'><strong>Vit.</strong></span> <span class='ocrx_word' id='word_1_18' title='bbox 535 537 632 620; x_wconf 80' lang='lat' dir='ltr'><strong>Sopb.</strong></span> <span class='ocrx_word' id='word_1_19' title='bbox 652 561 684 620; x_wconf 85' lang='lat' dir='ltr'><strong>p.</strong></span> <span class='ocrx_word' id='word_1_20' title='bbox 707 539 769 605; x_wconf 83' lang='grc'><strong>106</strong></span> <span class='ocrx_word' id='word_1_21' title='bbox 785 559 833 622; x_wconf 81' lang='lat' dir='ltr'><strong>eq.</strong></span> <span class='ocrx_word' id='word_1_22' title='bbox 875 559 950 600; x_wconf 83' lang='lat' dir='ltr'><strong>mox</strong></span> <span class='ocrx_word' id='word_1_23' title='bbox 967 539 1098 620; x_wconf 73' lang='lat' dir='ltr'><strong>Scythae</strong></span> <span class='ocrx_word' id='word_1_24' title='bbox 1113 538 1153 600; x_wconf 90' lang='lat' dir='ltr'><strong>sd</strong></span> <span class='ocrx_word' id='word_1_25' title='bbox 1169 544 1280 600; x_wconf 83' lang='lat' dir='ltr'><strong>lstmm</strong></span> <span class='ocrx_word' id='word_1_26' title='bbox 1296 539 1396 602; x_wconf 72' lang='lat' dir='ltr'><strong>Gothi</strong></span> 
     </span>
     <span class='ocr_line' id='line_1_5' title="bbox 284 624 1267 707; baseline -0.001 -20"><span class='ocrx_word' id='word_1_27' title='bbox 284 637 373 704; x_wconf 85' lang='lat' dir='ltr'><strong>sunt,</strong></span> <span class='ocrx_word' id='word_1_28' title='bbox 394 637 425 686; x_wconf 87' lang='lat' dir='ltr'><strong>et</strong></span> <span class='ocrx_word' id='word_1_29' title='bbox 437 624 563 707; x_wconf 83' lang='lat' dir='ltr'><strong>quidem</strong></span> <span class='ocrx_word' id='word_1_30' title='bbox 574 646 616 685; x_wconf 79' lang='lat' dir='ltr'><strong>ex</strong></span> <span class='ocrx_word' id='word_1_31' title='bbox 629 625 804 704; x_wconf 84' lang='lat' dir='ltr'><strong>Vieigotbis.</strong></span> <span class='ocrx_word' id='word_1_32' title='bbox 827 625 867 686; x_wconf 83' lang='lat' dir='ltr'><strong>ot.</strong></span> <span class='ocrx_word' id='word_1_33' title='bbox 883 624 1069 686; x_wconf 85' lang='lat' dir='ltr'><strong>Theodoret.</strong></span> <span class='ocrx_word' id='word_1_34' title='bbox 1082 624 1106 688; x_wconf 76' lang='lat'>4</span> <span class='ocrx_word' id='word_1_35' title='bbox 1126 626 1180 688; x_wconf 84' lang='lat' dir='ltr'><strong>ll·</strong></span> <span class='ocrx_word' id='word_1_36' title='bbox 1220 627 1267 686; x_wconf 78' lang='lat' dir='ltr'><strong>H.</strong></span> 
     </span>
    </p>

    <p class='ocr_par' dir='ltr' id='par_1_4' title="bbox 257 708 1396 1388">
     <span class='ocr_line' id='line_1_6' title="bbox 257 708 1395 792; baseline 0.004 -23"><span class='ocrx_word' id='word_1_37' title='bbox 257 769 262 776; x_wconf 85' lang='grc'><strong>,</strong></span> <span class='ocrx_word' id='word_1_38' title='bbox 370 711 413 770; x_wconf 78' lang='lat' dir='ltr'><strong>ib.</strong></span> <span class='ocrx_word' id='word_1_39' title='bbox 432 730 464 770; x_wconf 81' lang='lat' dir='ltr'><strong>r.</strong></span> <span class='ocrx_word' id='word_1_40' title='bbox 480 714 534 776; x_wconf 82' lang='lat'><strong>21.</strong></span> <span class='ocrx_word' id='word_1_41' title='bbox 576 709 831 788; x_wconf 68' lang='lat' dir='ltr'><strong>Mbsuuicbuus,</strong></span> <span class='ocrx_word' id='word_1_42' title='bbox 854 708 964 786; x_wconf 68' lang='lat' dir='ltr'><strong>neeric</strong></span> <span class='ocrx_word' id='word_1_43' title='bbox 982 715 1039 774; x_wconf 79' lang='lat' dir='ltr'><strong>euti</strong></span> <span class='ocrx_word' id='word_1_44' title='bbox 1058 713 1211 792; x_wconf 63' lang='lat' dir='ltr'><strong>dncdslotr</strong></span> <span class='ocrx_word' id='word_1_45' title='bbox 1230 715 1291 774; x_wconf 78' lang='lat' dir='ltr'><strong>tois·</strong></span> <span class='ocrx_word' id='word_1_46' title='bbox 1306 715 1395 774; x_wconf 68' lang='lat' dir='ltr'><strong>&gt;brn-</strong></span> 
     </span>
     <span class='ocr_line' id='line_1_7' title="bbox 286 793 1394 876; baseline -0.005 -16"><span class='ocrx_word' id='word_1_47' title='bbox 286 801 358 860; x_wconf 77' lang='lat' dir='ltr'><strong>ilciv</strong></span> <span class='ocrx_word' id='word_1_48' title='bbox 385 793 515 876; x_wconf 74' lang='grc' dir='ltr'><strong><em>ἄρχοντα</em></strong></span> <span class='ocrx_word' id='word_1_49' title='bbox 545 796 678 876; x_wconf 71' lang='lat' dir='ltr'><strong>(Zosim-</strong></span> <span class='ocrx_word' id='word_1_50' title='bbox 701 795 722 859; x_wconf 82' lang='grc'>4</span> <span class='ocrx_word' id='word_1_51' title='bbox 742 796 804 876; x_wconf 74' lang='lat' dir='ltr'><strong>tt)</strong></span> <span class='ocrx_word' id='word_1_52' title='bbox 834 807 865 856; x_wconf 87' lang='lat' dir='ltr'><strong>et</strong></span> <span class='ocrx_word' id='word_1_53' title='bbox 886 797 923 856; x_wconf 91' lang='lat' dir='ltr'><strong>ab</strong></span> <span class='ocrx_word' id='word_1_54' title='bbox 945 797 1106 857; x_wconf 78' lang='lat' dir='ltr'><strong>Ammiano</strong></span> <span class='ocrx_word' id='word_1_55' title='bbox 1138 795 1200 876; x_wconf 81' lang='lat'><strong>(27</strong></span> <span class='ocrx_word' id='word_1_56' title='bbox 1219 795 1261 875; x_wconf 84' lang='lat'><strong>5)</strong></span> <span class='ocrx_word' id='word_1_57' title='bbox 1296 797 1394 854; x_wconf 62' lang='lat' dir='ltr'><strong>illes*-</strong></span> 
     </span>
     <span class='ocr_line' id='line_1_8' title="bbox 284 879 1396 963; baseline -0.001 -23"><span class='ocrx_word' id='word_1_58' title='bbox 284 885 448 963; x_wconf 70' lang='lat' dir='ltr'><strong>or‘ngorum</strong></span> <span class='ocrx_word' id='word_1_59' title='bbox 468 882 599 940; x_wconf 70' lang='lat' dir='ltr'><strong>bedleem</strong></span> <span class='ocrx_word' id='word_1_60' title='bbox 622 883 824 962; x_wconf 86' lang='lat' dir='ltr'><strong>appellatum,</strong></span> <span class='ocrx_word' id='word_1_61' title='bbox 845 901 901 962; x_wconf 90' lang='lat' dir='ltr'><strong>per</strong></span> <span class='ocrx_word' id='word_1_62' title='bbox 910 903 1014 962; x_wconf 76' lang='lat' dir='ltr'><strong>regem</strong></span> <span class='ocrx_word' id='word_1_63' title='bbox 1031 881 1227 960; x_wconf 72' lang='lat' dir='ltr'><strong>Scytharum,</strong></span> <span class='ocrx_word' id='word_1_64' title='bbox 1248 901 1317 940; x_wconf 86' lang='lat' dir='ltr'><strong>cunr</strong></span> <span class='ocrx_word' id='word_1_65' title='bbox 1331 879 1396 940; x_wconf 88' lang='lat' dir='ltr'><strong>hoc</strong></span> 
     </span>
     <span class='ocr_line' id='line_1_9' title="bbox 287 965 1395 1048; baseline -0.004 -20"><span class='ocrx_word' id='word_1_66' title='bbox 287 967 355 1028; x_wconf 89' lang='lat' dir='ltr'><strong>loco</strong></span> <span class='ocrx_word' id='word_1_67' title='bbox 370 979 437 1026; x_wconf 87' lang='lat' dir='ltr'><strong>tum</strong></span> <span class='ocrx_word' id='word_1_68' title='bbox 449 969 482 1026; x_wconf 91' lang='lat' dir='ltr'><strong>iu</strong></span> <span class='ocrx_word' id='word_1_69' title='bbox 492 969 651 1046; x_wconf 86' lang='lat' dir='ltr'><strong>Excerptis</strong></span> <span class='ocrx_word' id='word_1_70' title='bbox 667 970 814 1046; x_wconf 87' lang='lat' dir='ltr'><strong>Euuapii,</strong></span> <span class='ocrx_word' id='word_1_71' title='bbox 837 987 929 1048; x_wconf 87' lang='lat' dir='ltr'><strong>quem</strong></span> <span class='ocrx_word' id='word_1_72' title='bbox 946 979 1049 1028; x_wconf 76' lang='lat' dir='ltr'><strong>nentes·</strong></span> <span class='ocrx_word' id='word_1_73' title='bbox 1064 969 1216 1047; x_wconf 80' lang='lat' dir='ltr'><strong>sequitur,</strong></span> <span class='ocrx_word' id='word_1_74' title='bbox 1240 965 1395 1045; x_wconf 83' lang='lat' dir='ltr'><strong>designari</strong></span> 
     </span>
     <span class='ocr_line' id='line_1_10' title="bbox 288 1051 1395 1133; baseline -0.001 -21"><span class='ocrx_word' id='word_1_75' title='bbox 288 1053 456 1126; x_wconf 83' lang='lat' dir='ltr'><strong>eredimus,</strong></span> <span class='ocrx_word' id='word_1_76' title='bbox 468 1051 725 1133; x_wconf 73' lang='lat' dir='ltr'><strong>quandoquidem</strong></span> <span class='ocrx_word' id='word_1_77' title='bbox 735 1055 802 1112; x_wconf 87' lang='lat' dir='ltr'><strong>eius</strong></span> <span class='ocrx_word' id='word_1_78' title='bbox 813 1056 984 1112; x_wconf 85' lang='lat' dir='ltr'><strong>maximum</strong></span> <span class='ocrx_word' id='word_1_79' title='bbox 994 1056 1073 1112; x_wconf 89' lang='lat' dir='ltr'><strong>inter</strong></span> <span class='ocrx_word' id='word_1_80' title='bbox 1086 1064 1192 1132; x_wconf 76' lang='lat' dir='ltr'><strong>gentes</strong></span> <span class='ocrx_word' id='word_1_81' title='bbox 1209 1051 1395 1132; x_wconf 80' lang='lat' dir='ltr'><strong>Scytharum</strong></span> 
     </span>
     <span class='ocr_line' id='line_1_11' title="bbox 287 1139 1394 1218; baseline 0 -22"><span class='ocrx_word' id='word_1_82' title='bbox 287 1158 399 1199; x_wconf 88' lang='lat' dir='ltr'><strong>nomen</strong></span> <span class='ocrx_word' id='word_1_83' title='bbox 419 1150 512 1211; x_wconf 84' lang='lat' dir='ltr'><strong>esset,</strong></span> <span class='ocrx_word' id='word_1_84' title='bbox 534 1149 565 1196; x_wconf 91' lang='lat' dir='ltr'><strong>et</strong></span> <span class='ocrx_word' id='word_1_85' title='bbox 584 1148 724 1218; x_wconf 85' lang='lat' dir='ltr'><strong>quattuor</strong></span> <span class='ocrx_word' id='word_1_86' title='bbox 744 1140 809 1197; x_wconf 89' lang='lat' dir='ltr'><strong>eius</strong></span> <span class='ocrx_word' id='word_1_87' title='bbox 829 1141 957 1218; x_wconf 89' lang='lat' dir='ltr'><strong>imperio</strong></span> <span class='ocrx_word' id='word_1_88' title='bbox 979 1150 1118 1218; x_wconf 88' lang='lat' dir='ltr'><strong>parerent</strong></span> <span class='ocrx_word' id='word_1_89' title='bbox 1136 1157 1222 1216; x_wconf 83' lang='lat' dir='ltr'><strong>reges</strong></span> <span class='ocrx_word' id='word_1_90' title='bbox 1244 1139 1394 1216; x_wconf 80' lang='lat' dir='ltr'><strong>(Eutrop.</strong></span> 
     </span>
     <span class='ocr_line' id='line_1_12' title="bbox 290 1221 1394 1305; baseline 0.003 -25"><span class='ocrx_word' id='word_1_91' title='bbox 290 1226 331 1286; x_wconf 88' lang='lat'><strong>18</strong></span> <span class='ocrx_word' id='word_1_92' title='bbox 353 1231 384 1290; x_wconf 70' lang='grc'><strong>1.</strong></span> <span class='ocrx_word' id='word_1_93' title='bbox 422 1225 461 1280; x_wconf 88' lang='lat' dir='ltr'><strong>cf.</strong></span> <span class='ocrx_word' id='word_1_94' title='bbox 474 1226 627 1282; x_wconf 81' lang='lat' dir='ltr'><strong>Ammian.</strong></span> <span class='ocrx_word' id='word_1_95' title='bbox 642 1225 667 1282; x_wconf 81' lang='lat' dir='ltr'><strong>l.</strong></span> <span class='ocrx_word' id='word_1_96' title='bbox 681 1221 740 1301; x_wconf 90' lang='lat' dir='ltr'><strong>c.).</strong></span> <span class='ocrx_word' id='word_1_97' title='bbox 783 1243 883 1304; x_wconf 85' lang='lat' dir='ltr'><strong>neque</strong></span> <span class='ocrx_word' id='word_1_98' title='bbox 897 1235 1000 1284; x_wconf 85' lang='lat' dir='ltr'><strong>tamen</strong></span> <span class='ocrx_word' id='word_1_99' title='bbox 1012 1223 1166 1284; x_wconf 85' lang='lat' dir='ltr'><strong>solueiuit</strong></span> <span class='ocrx_word' id='word_1_100' title='bbox 1179 1224 1232 1305; x_wconf 89' lang='lat' dir='ltr'><strong>qui</strong></span> <span class='ocrx_word' id='word_1_101' title='bbox 1245 1225 1394 1304; x_wconf 84' lang='lat' dir='ltr'><strong>Procopio</strong></span> 
     </span>
     <span class='ocr_line' id='line_1_13' title="bbox 290 1308 845 1388; baseline 0.002 -22"><span class='ocrx_word' id='word_1_102' title='bbox 290 1309 406 1366; x_wconf 80' lang='lat' dir='ltr'><strong>auxilia</strong></span> <span class='ocrx_word' id='word_1_103' title='bbox 417 1311 500 1367; x_wconf 76' lang='lat' dir='ltr'><strong>mitit</strong></span> <span class='ocrx_word' id='word_1_104' title='bbox 521 1309 694 1388; x_wconf 79' lang='lat' dir='ltr'><strong>(Ammian.</strong></span> <span class='ocrx_word' id='word_1_105' title='bbox 707 1311 748 1371; x_wconf 80' lang='lat'><strong>26</strong></span> <span class='ocrx_word' id='word_1_106' title='bbox 772 1308 845 1388; x_wconf 87' lang='grc'><strong>10).</strong></span> 
     </span>
    </p>

    <p class='ocr_par' dir='ltr' id='par_1_5' title="bbox 375 1391 1323 1454">
     <span class='ocr_line' id='line_1_14' title="bbox 375 1391 1323 1454; baseline 0 -3"><span class='ocrx_word' id='word_1_107' title='bbox 375 1391 417 1451; x_wconf 75' lang='grc' dir='ltr'><strong>ἑὸ.</strong></span> <span class='ocrx_word' id='word_1_108' title='bbox 463 1392 631 1452; x_wconf 85' lang='lat' dir='ltr'><strong>Gothorum</strong></span> <span class='ocrx_word' id='word_1_109' title='bbox 645 1395 707 1452; x_wconf 78' lang='lat' dir='ltr'><strong>trio</strong></span> <span class='ocrx_word' id='word_1_110' title='bbox 719 1392 807 1452; x_wconf 69' lang='lat' dir='ltr'><strong>malm</strong></span> <span class='ocrx_word' id='word_1_111' title='bbox 818 1395 933 1454; x_wconf 85' lang='lat' dir='ltr'><strong>auxilio</strong></span> <span class='ocrx_word' id='word_1_112' title='bbox 944 1393 1048 1453; x_wconf 77' lang='lat' dir='ltr'><strong>missa.</strong></span> <span class='ocrx_word' id='word_1_113' title='bbox 1089 1392 1243 1452; x_wconf 82' lang='lat' dir='ltr'><strong>Ammian.</strong></span> <span class='ocrx_word' id='word_1_114' title='bbox 1257 1391 1280 1451; x_wconf 85' lang='lat'><strong>1.</strong></span> <span class='ocrx_word' id='word_1_115' title='bbox 1296 1411 1323 1451; x_wconf 86' lang='lat' dir='ltr'><strong>e.</strong></span> 
     </span>
    </p>

    <p class='ocr_par' dir='ltr' id='par_1_6' title="bbox 290 1477 1394 1644">
     <span class='ocr_line' id='line_1_15' title="bbox 375 1477 1394 1560; baseline -0.006 -18"><span class='ocrx_word' id='word_1_116' title='bbox 375 1498 407 1558; x_wconf 87' lang='lat' dir='ltr'><strong>p·</strong></span> <span class='ocrx_word' id='word_1_117' title='bbox 423 1481 483 1542; x_wconf 80' lang='lat'><strong>181</strong></span> <span class='ocrx_word' id='word_1_118' title='bbox 499 1499 529 1538; x_wconf 83' lang='lat' dir='ltr'><strong>r.</strong></span> <span class='ocrx_word' id='word_1_119' title='bbox 543 1479 575 1543; x_wconf 85' lang='lat'><strong>6.</strong></span> <span class='ocrx_word' id='word_1_120' title='bbox 618 1500 654 1538; x_wconf 91' lang='lat' dir='ltr'><strong>eo</strong></span> <span class='ocrx_word' id='word_1_121' title='bbox 673 1498 770 1559; x_wconf 85' lang='lat' dir='ltr'><strong>usque</strong></span> <span class='ocrx_word' id='word_1_122' title='bbox 784 1481 847 1538; x_wconf 85' lang='lat' dir='ltr'><strong>iem</strong></span> <span class='ocrx_word' id='word_1_123' title='bbox 858 1477 1060 1560; x_wconf 67' lang='lat' dir='ltr'><strong>desponderat</strong></span> <span class='ocrx_word' id='word_1_124' title='bbox 1074 1482 1224 1554; x_wconf 76' lang='lat' dir='ltr'><strong>mimum,</strong></span> <span class='ocrx_word' id='word_1_125' title='bbox 1245 1487 1281 1536; x_wconf 89' lang='lat' dir='ltr'><strong>ut</strong></span> <span class='ocrx_word' id='word_1_126' title='bbox 1294 1495 1394 1558; x_wconf 79' lang='lat' dir='ltr'><strong>sugu-</strong></span> 
     </span>
     <span class='ocr_line' id='line_1_16' title="bbox 290 1565 1211 1644; baseline 0.005 -21"><span class='ocrx_word' id='word_1_127' title='bbox 290 1572 354 1623; x_wconf 88' lang='lat' dir='ltr'><strong>stos</strong></span> <span class='ocrx_word' id='word_1_128' title='bbox 366 1565 494 1623; x_wconf 83' lang='lat' dir='ltr'><strong>amictus</strong></span> <span class='ocrx_word' id='word_1_129' title='bbox 509 1565 638 1624; x_wconf 82' lang='lat' dir='ltr'><strong>abiicere</strong></span> <span class='ocrx_word' id='word_1_130' title='bbox 652 1567 806 1644; x_wconf 77' lang='lat' dir='ltr'><strong>cogitaret.</strong></span> <span class='ocrx_word' id='word_1_131' title='bbox 848 1567 1001 1624; x_wconf 80' lang='lat' dir='ltr'><strong>Ammien.</strong></span> <span class='ocrx_word' id='word_1_132' title='bbox 1017 1567 1059 1630; x_wconf 79' lang='lat'><strong>27</strong></span> <span class='ocrx_word' id='word_1_133' title='bbox 1080 1567 1113 1628; x_wconf 85' lang='grc'><strong>7.</strong></span> <span class='ocrx_word' id='word_1_134' title='bbox 1207 1576 1211 1595; x_wconf 77' lang='grc'><strong>“</strong></span> 
     </span>
    </p>

    <p class='ocr_par' dir='ltr' id='par_1_7' title="bbox 289 1647 1479 2152">
     <span class='ocr_line' id='line_1_17' title="bbox 375 1647 1395 1732; baseline -0.001 -25"><span class='ocrx_word' id='word_1_135' title='bbox 375 1648 418 1709; x_wconf 78' lang='lat' dir='ltr'><strong>tt.</strong></span> <span class='ocrx_word' id='word_1_136' title='bbox 463 1670 500 1710; x_wconf 92' lang='lat' dir='ltr'><strong>eo</strong></span> <span class='ocrx_word' id='word_1_137' title='bbox 514 1661 651 1730; x_wconf 87' lang='lat' dir='ltr'><strong>tempore</strong></span> <span class='ocrx_word' id='word_1_138' title='bbox 668 1669 730 1732; x_wconf 88' lang='lat' dir='ltr'><strong>quo</strong></span> <span class='ocrx_word' id='word_1_139' title='bbox 744 1649 853 1711; x_wconf 85' lang='lat' dir='ltr'><strong>seditio</strong></span> <span class='ocrx_word' id='word_1_140' title='bbox 867 1652 1006 1730; x_wconf 77' lang='lat' dir='ltr'><strong>Procopii</strong></span> <span class='ocrx_word' id='word_1_141' title='bbox 1025 1651 1161 1708; x_wconf 88' lang='lat' dir='ltr'><strong>nuntiata</strong></span> <span class='ocrx_word' id='word_1_142' title='bbox 1182 1659 1247 1725; x_wconf 83' lang='lat' dir='ltr'><strong>est,</strong></span> <span class='ocrx_word' id='word_1_143' title='bbox 1267 1647 1395 1708; x_wconf 79' lang='lat' dir='ltr'><strong>Arbetio</strong></span> 
     </span>
     <span class='ocr_line' id='line_1_18' title="bbox 291 1731 1395 1815; baseline -0.001 -23"><span class='ocrx_word' id='word_1_144' title='bbox 291 1731 373 1814; x_wconf 88' lang='lat' dir='ltr'><strong>apud</strong></span> <span class='ocrx_word' id='word_1_145' title='bbox 393 1737 606 1814; x_wconf 76' lang='lat' dir='ltr'><strong>imperatorem</strong></span> <span class='ocrx_word' id='word_1_146' title='bbox 623 1754 686 1794; x_wconf 88' lang='lat' dir='ltr'><strong>non</strong></span> <span class='ocrx_word' id='word_1_147' title='bbox 706 1745 825 1815; x_wconf 72' lang='lat' dir='ltr'><strong>praesto</strong></span> <span class='ocrx_word' id='word_1_148' title='bbox 847 1737 941 1795; x_wconf 78' lang='lat' dir='ltr'><strong>irrisae</strong></span> <span class='ocrx_word' id='word_1_149' title='bbox 957 1733 1093 1809; x_wconf 87' lang='lat' dir='ltr'><strong>ridetur,</strong></span> <span class='ocrx_word' id='word_1_150' title='bbox 1111 1735 1182 1815; x_wconf 83' lang='lat' dir='ltr'><strong>quia</strong></span> <span class='ocrx_word' id='word_1_151' title='bbox 1196 1735 1308 1795; x_wconf 81' lang='lat' dir='ltr'><strong>Valens</strong></span> <span class='ocrx_word' id='word_1_152' title='bbox 1323 1753 1395 1792; x_wconf 88' lang='lat' dir='ltr'><strong>eum</strong></span> 
     </span>
     <span class='ocr_line' id='line_1_19' title="bbox 290 1817 1395 1892; baseline -0.002 -15"><span class='ocrx_word' id='word_1_153' title='bbox 290 1819 470 1879; x_wconf 86' lang='lat' dir='ltr'><strong>iamdudum</strong></span> <span class='ocrx_word' id='word_1_154' title='bbox 487 1825 521 1881; x_wconf 90' lang='lat' dir='ltr'><strong>in</strong></span> <span class='ocrx_word' id='word_1_155' title='bbox 540 1824 602 1880; x_wconf 93' lang='lat' dir='ltr'><strong>otio</strong></span> <span class='ocrx_word' id='word_1_156' title='bbox 620 1823 773 1880; x_wconf 81' lang='lat' dir='ltr'><strong>virentem</strong></span> <span class='ocrx_word' id='word_1_157' title='bbox 787 1819 826 1880; x_wconf 86' lang='lat' dir='ltr'><strong>ed</strong></span> <span class='ocrx_word' id='word_1_158' title='bbox 840 1841 872 1880; x_wconf 89' lang='lat' dir='ltr'><strong>se</strong></span> <span class='ocrx_word' id='word_1_159' title='bbox 886 1832 919 1880; x_wconf 89' lang='lat' dir='ltr'><strong>ut</strong></span> <span class='ocrx_word' id='word_1_160' title='bbox 934 1824 1051 1880; x_wconf 84' lang='lat' dir='ltr'><strong>veniret</strong></span> <span class='ocrx_word' id='word_1_161' title='bbox 1062 1817 1197 1878; x_wconf 84' lang='lat' dir='ltr'><strong>hortatus</strong></span> <span class='ocrx_word' id='word_1_162' title='bbox 1212 1830 1290 1892; x_wconf 91' lang='lat' dir='ltr'><strong>erat,</strong></span> <span class='ocrx_word' id='word_1_163' title='bbox 1312 1829 1348 1876; x_wconf 91' lang='lat' dir='ltr'><strong>ut</strong></span> <span class='ocrx_word' id='word_1_164' title='bbox 1363 1821 1395 1875; x_wconf 90' lang='lat' dir='ltr'><strong>iu</strong></span> 
     </span>
     <span class='ocr_line' id='line_1_20' title="bbox 291 1902 1479 1987; baseline -0.002 -24"><span class='ocrx_word' id='word_1_165' title='bbox 291 1924 361 1964; x_wconf 90' lang='lat' dir='ltr'><strong>suas</strong></span> <span class='ocrx_word' id='word_1_166' title='bbox 374 1917 475 1985; x_wconf 83' lang='lat' dir='ltr'><strong>pestes</strong></span> <span class='ocrx_word' id='word_1_167' title='bbox 486 1917 633 1987; x_wconf 86' lang='lat' dir='ltr'><strong>pertracto</strong></span> <span class='ocrx_word' id='word_1_168' title='bbox 645 1909 711 1965; x_wconf 80' lang='lat' dir='ltr'><strong>viro</strong></span> <span class='ocrx_word' id='word_1_169' title='bbox 722 1926 835 1986; x_wconf 78' lang='lat' dir='ltr'><strong>magno</strong></span> <span class='ocrx_word' id='word_1_170' title='bbox 848 1909 910 1965; x_wconf 85' lang='lat' dir='ltr'><strong>ianr</strong></span> <span class='ocrx_word' id='word_1_171' title='bbox 924 1917 996 1964; x_wconf 90' lang='lat' dir='ltr'><strong>natu</strong></span> <span class='ocrx_word' id='word_1_172' title='bbox 1012 1915 1041 1964; x_wconf 90' lang='lat' dir='ltr'><strong>et</strong></span> <span class='ocrx_word' id='word_1_173' title='bbox 1055 1903 1199 1984; x_wconf 79' lang='lat' dir='ltr'><strong>dignitate</strong></span> <span class='ocrx_word' id='word_1_174' title='bbox 1212 1902 1395 1964; x_wconf 86' lang='lat' dir='ltr'><strong>bonoribus·</strong></span> <span class='ocrx_word' id='word_1_175' title='bbox 1478 1943 1479 1950; x_wconf 40' lang='lat'>1</span> 
     </span>
     <span class='ocr_line' id='line_1_21' title="bbox 291 1985 1396 2072; baseline -0.003 -22"><span class='ocrx_word' id='word_1_176' title='bbox 291 2009 352 2070; x_wconf 88' lang='lat' dir='ltr'><strong>que</strong></span> <span class='ocrx_word' id='word_1_177' title='bbox 365 1994 541 2072; x_wconf 82' lang='lat' dir='ltr'><strong>conspicuo,</strong></span> <span class='ocrx_word' id='word_1_178' title='bbox 563 1993 718 2071; x_wconf 84' lang='lat' dir='ltr'><strong>Procopii,</strong></span> <span class='ocrx_word' id='word_1_179' title='bbox 740 1991 836 2050; x_wconf 83' lang='lat' dir='ltr'><strong>filiam</strong></span> <span class='ocrx_word' id='word_1_180' title='bbox 851 1989 1037 2052; x_wconf 76' lang='lat' dir='ltr'><strong>ostendendo</strong></span> <span class='ocrx_word' id='word_1_181' title='bbox 1053 1993 1218 2050; x_wconf 71' lang='lat' dir='ltr'><strong>Constantii</strong></span> <span class='ocrx_word' id='word_1_182' title='bbox 1230 1991 1343 2050; x_wconf 83' lang='lat' dir='ltr'><strong>multos</strong></span> <span class='ocrx_word' id='word_1_183' title='bbox 1355 1985 1396 2048; x_wconf 86' lang='lat' dir='ltr'><strong>ed</strong></span> 
     </span>
     <span class='ocr_line' id='line_1_22' title="bbox 289 2074 779 2152; baseline 0.004 -20"><span class='ocrx_word' id='word_1_184' title='bbox 289 2093 324 2133; x_wconf 91' lang='lat' dir='ltr'><strong>se</strong></span> <span class='ocrx_word' id='word_1_185' title='bbox 341 2074 505 2152; x_wconf 81' lang='lat' dir='ltr'><strong>trahentis,</strong></span> <span class='ocrx_word' id='word_1_186' title='bbox 526 2087 606 2135; x_wconf 85' lang='lat' dir='ltr'><strong>astes</strong></span> <span class='ocrx_word' id='word_1_187' title='bbox 622 2087 779 2136; x_wconf 83' lang='lat' dir='ltr'><strong>everteret.</strong></span> 
     </span>
    </p>

    <p class='ocr_par' dir='ltr' id='par_1_8' title="bbox 290 2157 1399 3846">
     <span class='ocr_line' id='line_1_23' title="bbox 373 2157 1397 2240; baseline -0.003 -21"><span class='ocrx_word' id='word_1_188' title='bbox 373 2160 417 2220; x_wconf 76' lang='lat' dir='ltr'><strong>it.</strong></span> <span class='ocrx_word' id='word_1_189' title='bbox 436 2181 468 2219; x_wconf 82' lang='lat' dir='ltr'><strong>r.</strong></span> <span class='ocrx_word' id='word_1_190' title='bbox 483 2165 516 2224; x_wconf 83' lang='lat'><strong>9.</strong></span> <span class='ocrx_word' id='word_1_191' title='bbox 558 2164 682 2221; x_wconf 79' lang='lat' dir='ltr'><strong>Zosinm</strong></span> <span class='ocrx_word' id='word_1_192' title='bbox 704 2161 913 2220; x_wconf 83' lang='lat' dir='ltr'><strong>auctoritatem</strong></span> <span class='ocrx_word' id='word_1_193' title='bbox 933 2161 1089 2220; x_wconf 75' lang='lat' dir='ltr'><strong>Ammiani</strong></span> <span class='ocrx_word' id='word_1_194' title='bbox 1109 2160 1322 2240; x_wconf 75' lang='lat' dir='ltr'><strong>praeferimus,</strong></span> <span class='ocrx_word' id='word_1_195' title='bbox 1346 2157 1397 2216; x_wconf 86' lang='lat' dir='ltr'><strong>di-</strong></span> 
     </span>
     <span class='ocr_line' id='line_1_24' title="bbox 291 2245 1396 2327; baseline 0 -24"><span class='ocrx_word' id='word_1_196' title='bbox 291 2247 385 2304; x_wconf 82' lang='lat' dir='ltr'><strong>centie</strong></span> <span class='ocrx_word' id='word_1_197' title='bbox 409 2247 654 2306; x_wconf 74' lang='lat' dir='ltr'><strong>Valentinianum</strong></span> <span class='ocrx_word' id='word_1_198' title='bbox 672 2246 788 2327; x_wconf 83' lang='lat' dir='ltr'><strong>perlato</strong></span> <span class='ocrx_word' id='word_1_199' title='bbox 803 2245 926 2304; x_wconf 89' lang='lat' dir='ltr'><strong>adeum</strong></span> <span class='ocrx_word' id='word_1_200' title='bbox 943 2247 1115 2306; x_wconf 73' lang='lat' dir='ltr'><strong>rebellionis</strong></span> <span class='ocrx_word' id='word_1_201' title='bbox 1130 2249 1244 2306; x_wconf 75' lang='lat' dir='ltr'><strong>incerto</strong></span> <span class='ocrx_word' id='word_1_202' title='bbox 1264 2263 1396 2318; x_wconf 75' lang='lat' dir='ltr'><strong>rumore,</strong></span> 
     </span>
     <span class='ocr_line' id='line_1_25' title="bbox 290 2329 1396 2412; baseline -0.003 -23"><span class='ocrx_word' id='word_1_203' title='bbox 290 2333 435 2412; x_wconf 85' lang='lat' dir='ltr'><strong>quoniam</strong></span> <span class='ocrx_word' id='word_1_204' title='bbox 447 2331 485 2390; x_wconf 91' lang='lat' dir='ltr'><strong>de</strong></span> <span class='ocrx_word' id='word_1_205' title='bbox 498 2335 561 2390; x_wconf 84' lang='lat' dir='ltr'><strong>vita</strong></span> <span class='ocrx_word' id='word_1_206' title='bbox 575 2333 677 2390; x_wconf 81' lang='lat' dir='ltr'><strong>fratris</strong></span> <span class='ocrx_word' id='word_1_207' title='bbox 689 2335 723 2390; x_wconf 90' lang='lat' dir='ltr'><strong>in</strong></span> <span class='ocrx_word' id='word_1_208' title='bbox 736 2330 828 2392; x_wconf 88' lang='lat' dir='ltr'><strong>dubio</strong></span> <span class='ocrx_word' id='word_1_209' title='bbox 841 2329 998 2408; x_wconf 85' lang='lat' dir='ltr'><strong>haerebat,</strong></span> <span class='ocrx_word' id='word_1_210' title='bbox 1021 2329 1210 2392; x_wconf 69' lang='lat' dir='ltr'><strong>contendisse</strong></span> <span class='ocrx_word' id='word_1_211' title='bbox 1225 2329 1350 2412; x_wconf 87' lang='lat' dir='ltr'><strong>quidem</strong></span> <span class='ocrx_word' id='word_1_212' title='bbox 1361 2332 1396 2386; x_wconf 92' lang='lat' dir='ltr'><strong>in</strong></span> 
     </span>
     <span class='ocr_line' id='line_1_26' title="bbox 290 2415 1396 2490; baseline -0.002 -16"><span class='ocrx_word' id='word_1_213' title='bbox 290 2419 460 2490; x_wconf 84' lang='lat' dir='ltr'><strong>Orientem,</strong></span> <span class='ocrx_word' id='word_1_214' title='bbox 482 2426 517 2475; x_wconf 90' lang='lat' dir='ltr'><strong>ut</strong></span> <span class='ocrx_word' id='word_1_215' title='bbox 533 2416 619 2476; x_wconf 83' lang='lat' dir='ltr'><strong>fratri</strong></span> <span class='ocrx_word' id='word_1_216' title='bbox 635 2429 833 2490; x_wconf 73' lang='lat' dir='ltr'><strong>succurreret,</strong></span> <span class='ocrx_word' id='word_1_217' title='bbox 855 2419 965 2476; x_wconf 86' lang='lat' dir='ltr'><strong>iniecto</strong></span> <span class='ocrx_word' id='word_1_218' title='bbox 988 2427 1090 2476; x_wconf 87' lang='lat' dir='ltr'><strong>autem</strong></span> <span class='ocrx_word' id='word_1_219' title='bbox 1111 2427 1194 2476; x_wconf 88' lang='lat' dir='ltr'><strong>metu</strong></span> <span class='ocrx_word' id='word_1_220' title='bbox 1213 2437 1253 2474; x_wconf 88' lang='lat' dir='ltr'><strong>ne</strong></span> <span class='ocrx_word' id='word_1_221' title='bbox 1277 2415 1396 2474; x_wconf 80' lang='lat' dir='ltr'><strong>Galliae</strong></span> 
     </span>
     <span class='ocr_line' id='line_1_27' title="bbox 290 2501 1397 2584; baseline 0 -24"><span class='ocrx_word' id='word_1_222' title='bbox 290 2521 347 2580; x_wconf 89' lang='lat' dir='ltr'><strong>per</strong></span> <span class='ocrx_word' id='word_1_223' title='bbox 363 2503 458 2581; x_wconf 87' lang='lat' dir='ltr'><strong>ipsius</strong></span> <span class='ocrx_word' id='word_1_224' title='bbox 474 2511 505 2560; x_wconf 86' lang='lat' dir='ltr'><strong>et</strong></span> <span class='ocrx_word' id='word_1_225' title='bbox 517 2504 667 2562; x_wconf 87' lang='lat' dir='ltr'><strong>exercitus</strong></span> <span class='ocrx_word' id='word_1_226' title='bbox 686 2503 904 2584; x_wconf 82' lang='lat' dir='ltr'><strong>profectionem</strong></span> <span class='ocrx_word' id='word_1_227' title='bbox 920 2501 1071 2582; x_wconf 87' lang='lat' dir='ltr'><strong>praesidio</strong></span> <span class='ocrx_word' id='word_1_228' title='bbox 1085 2501 1186 2561; x_wconf 87' lang='lat' dir='ltr'><strong>nudae</strong></span> <span class='ocrx_word' id='word_1_229' title='bbox 1200 2503 1319 2560; x_wconf 73' lang='lat' dir='ltr'><strong>barbari</strong></span> <span class='ocrx_word' id='word_1_230' title='bbox 1332 2503 1397 2560; x_wconf 88' lang='lat' dir='ltr'><strong>im-</strong></span> 
     </span>
     <span class='ocr_line' id='line_1_28' title="bbox 291 2585 1396 2669; baseline 0 -25"><span class='ocrx_word' id='word_1_231' title='bbox 291 2589 440 2646; x_wconf 86' lang='lat' dir='ltr'><strong>minentee</strong></span> <span class='ocrx_word' id='word_1_232' title='bbox 459 2585 582 2648; x_wconf 81' lang='lat' dir='ltr'><strong>hostilia</strong></span> <span class='ocrx_word' id='word_1_233' title='bbox 601 2591 802 2668; x_wconf 85' lang='lat' dir='ltr'><strong>susciperent,</strong></span> <span class='ocrx_word' id='word_1_234' title='bbox 826 2590 926 2669; x_wconf 85' lang='lat' dir='ltr'><strong>priore</strong></span> <span class='ocrx_word' id='word_1_235' title='bbox 944 2589 1068 2648; x_wconf 85' lang='lat' dir='ltr'><strong>consilio</strong></span> <span class='ocrx_word' id='word_1_236' title='bbox 1081 2591 1174 2648; x_wconf 79' lang='lat' dir='ltr'><strong>misac</strong></span> <span class='ocrx_word' id='word_1_237' title='bbox 1185 2589 1218 2646; x_wconf 84' lang='lat' dir='ltr'><strong>in</strong></span> <span class='ocrx_word' id='word_1_238' title='bbox 1233 2585 1396 2647; x_wconf 84' lang='lat' dir='ltr'><strong>Occidente</strong></span> 
     </span>
     <span class='ocr_line' id='line_1_29' title="bbox 292 2683 1397 2822; baseline -0.002 -6"><span class='ocrx_word' id='word_1_239' title='bbox 292 2691 328 2739; x_wconf 46' lang='grc' dir='ltr'><strong><em>κ</em></strong></span> <span class='ocrx_word' id='word_1_240' title='bbox 343 2683 476 2817; x_wconf 54' lang='lat' dir='ltr'><strong>vlllmln</strong></span> <span class='ocrx_word' id='word_1_241' title='bbox 478 2694 537 2822; x_wconf 57' lang='lat'><strong>⁸1⁸3</strong></span> <span class='ocrx_word' id='word_1_242' title='bbox 578 2758 742 2817; x_wconf 71' lang='lat' dir='ltr'><strong>narrationi</strong></span> <span class='ocrx_word' id='word_1_243' title='bbox 762 2757 887 2818; x_wconf 84' lang='lat' dir='ltr'><strong>obscura</strong></span> <span class='ocrx_word' id='word_1_244' title='bbox 906 2758 963 2818; x_wconf 85' lang='lat' dir='ltr'><strong>lux</strong></span> <span class='ocrx_word' id='word_1_245' title='bbox 984 2775 1025 2816; x_wconf 87' lang='lat' dir='ltr'><strong>ex</strong></span> <span class='ocrx_word' id='word_1_246' title='bbox 1044 2757 1206 2816; x_wconf 80' lang='lat' dir='ltr'><strong>Ammiano</strong></span> <span class='ocrx_word' id='word_1_247' title='bbox 1229 2753 1397 2815; x_wconf 84' lang='lat' dir='ltr'><strong>affunditur</strong></span> 
     </span>
     <span class='ocr_line' id='line_1_30' title="bbox 292 2841 1399 2922; baseline -0.005 -17"><span class='ocrx_word' id='word_1_248' title='bbox 292 2847 335 2908; x_wconf 74' lang='lat'><strong>26</strong></span> <span class='ocrx_word' id='word_1_249' title='bbox 356 2845 394 2906; x_wconf 80' lang='lat'><strong>9:</strong></span> <span class='ocrx_word' id='word_1_250' title='bbox 421 2845 603 2902; x_wconf 82' lang='lat' dir='ltr'><strong>Gomoorr&#39;ue</strong></span> <span class='ocrx_word' id='word_1_251' title='bbox 619 2843 674 2902; x_wconf 77' lang='lat' dir='ltr'><strong>ubi</strong></span> <span class='ocrx_word' id='word_1_252' title='bbox 694 2855 879 2922; x_wconf 82' lang='lat' dir='ltr'><strong>cumpertrrrrs</strong></span> <span class='ocrx_word' id='word_1_253' title='bbox 899 2843 1007 2902; x_wconf 53' lang='lat' dir='ltr'><strong>habu&amp;</strong></span> <span class='ocrx_word' id='word_1_254' title='bbox 1027 2851 1143 2922; x_wconf 76' lang='lat' dir='ltr'><strong>quanta</strong></span> <span class='ocrx_word' id='word_1_255' title='bbox 1163 2841 1291 2900; x_wconf 70' lang='lat' dir='ltr'><strong>Artem</strong></span> <span class='ocrx_word' id='word_1_256' title='bbox 1308 2841 1399 2920; x_wconf 81' lang='lat' dir='ltr'><strong>opud</strong></span> 
     </span>
     <span class='ocr_line' id='line_1_31' title="bbox 293 2927 1397 3008; baseline -0.001 -22"><span class='ocrx_word' id='word_1_257' title='bbox 293 2927 405 2986; x_wconf 65' lang='lat' dir='ltr'><strong>naliter</strong></span> <span class='ocrx_word' id='word_1_258' title='bbox 424 2931 539 2986; x_wconf 63' lang='lat' dir='ltr'><strong>voleret</strong></span> <span class='ocrx_word' id='word_1_259' title='bbox 557 2931 747 3001; x_wconf 81' lang='lat' dir='ltr'><strong>anctoritate,</strong></span> <span class='ocrx_word' id='word_1_260' title='bbox 773 2929 819 2986; x_wconf 82' lang='lat' dir='ltr'><strong>ad</strong></span> <span class='ocrx_word' id='word_1_261' title='bbox 835 2938 936 2988; x_wconf 71' lang='lat' dir='ltr'><strong>carten</strong></span> <span class='ocrx_word' id='word_1_262' title='bbox 955 2930 1155 3008; x_wconf 71' lang='lat' dir='ltr'><strong>imperatoris,</strong></span> <span class='ocrx_word' id='word_1_263' title='bbox 1176 2929 1397 3006; x_wconf 69' lang='lat' dir='ltr'><strong>opportunitate</strong></span> 
     </span>
     <span class='ocr_line' id='line_1_32' title="bbox 293 3012 1396 3092; baseline -0.001 -20"><span class='ocrx_word' id='word_1_264' title='bbox 293 3013 449 3072; x_wconf 63' lang='lat' dir='ltr'><strong>nervam</strong></span> <span class='ocrx_word' id='word_1_265' title='bbox 458 3017 605 3092; x_wconf 69' lang='lat' dir='ltr'><strong>prurient,</strong></span> <span class='ocrx_word' id='word_1_266' title='bbox 624 3017 739 3092; x_wconf 59' lang='lat' dir='ltr'><strong>caprice·</strong></span> <span class='ocrx_word' id='word_1_267' title='bbox 750 3014 847 3072; x_wconf 82' lang='lat' dir='ltr'><strong>colore</strong></span> <span class='ocrx_word' id='word_1_268' title='bbox 859 3013 1021 3086; x_wconf 65' lang='lat' dir='ltr'><strong>transibat,</strong></span> <span class='ocrx_word' id='word_1_269' title='bbox 1042 3013 1136 3074; x_wconf 72' lang='lat' dir='ltr'><strong>vetut</strong></span> <span class='ocrx_word' id='word_1_270' title='bbox 1147 3032 1277 3072; x_wconf 74' lang='lat' dir='ltr'><strong>accurare</strong></span> <span class='ocrx_word' id='word_1_271' title='bbox 1290 3012 1396 3071; x_wconf 81' lang='lat' dir='ltr'><strong>nsults&#39;-</strong></span> 
     </span>
     <span class='ocr_line' id='line_1_33' title="bbox 294 3098 1395 3264; baseline 0 -22"><span class='ocrx_word' id='word_1_272' title='bbox 294 3098 850 3251; x_wconf 39' lang='lat' dir='ltr'><strong>lwnllfllallllblloesbemffllbb·</strong></span> <span class='ocrx_word' id='word_1_273' title='bbox 865 3187 906 3248; x_wconf 76' lang='lat'><strong>26</strong></span> <span class='ocrx_word' id='word_1_274' title='bbox 923 3187 949 3248; x_wconf 75' lang='grc'><strong>9</strong></span> <span class='ocrx_word' id='word_1_275' title='bbox 971 3202 990 3241; x_wconf 87' lang='grc' dir='ltr'>ι</span> <span class='ocrx_word' id='word_1_276' title='bbox 1013 3181 1171 3264; x_wconf 81' lang='lat' dir='ltr'><strong>Thyatiris</strong></span> <span class='ocrx_word' id='word_1_277' title='bbox 1191 3181 1302 3244; x_wconf 82' lang='lat' dir='ltr'><strong>Sardes</strong></span> <span class='ocrx_word' id='word_1_278' title='bbox 1321 3201 1395 3263; x_wconf 87' lang='lat' dir='ltr'><strong>pro-</strong></span> 
     </span>
     <span class='ocr_line' id='line_1_34' title="bbox 294 3266 1395 3350; baseline -0.002 -22"><span class='ocrx_word' id='word_1_279' title='bbox 294 3287 414 3348; x_wconf 83' lang='lat' dir='ltr'><strong>gressus</strong></span> <span class='ocrx_word' id='word_1_280' title='bbox 433 3272 544 3330; x_wconf 87' lang='lat' dir='ltr'><strong>Valens</strong></span> <span class='ocrx_word' id='word_1_281' title='bbox 561 3271 594 3328; x_wconf 89' lang='lat' dir='ltr'><strong>in</strong></span> <span class='ocrx_word' id='word_1_282' title='bbox 616 3266 782 3350; x_wconf 80' lang='lat' dir='ltr'><strong>Phrygium</strong></span> <span class='ocrx_word' id='word_1_283' title='bbox 804 3267 974 3344; x_wconf 85' lang='lat' dir='ltr'><strong>contendit,</strong></span> <span class='ocrx_word' id='word_1_284' title='bbox 997 3269 1065 3343; x_wconf 91' lang='lat' dir='ltr'><strong>ubi,</strong></span> <span class='ocrx_word' id='word_1_285' title='bbox 1088 3289 1157 3327; x_wconf 88' lang='lat' dir='ltr'><strong>cum</strong></span> <span class='ocrx_word' id='word_1_286' title='bbox 1180 3268 1219 3327; x_wconf 88' lang='lat' dir='ltr'><strong>ad</strong></span> <span class='ocrx_word' id='word_1_287' title='bbox 1240 3271 1395 3328; x_wconf 88' lang='lat' dir='ltr'><strong>Nacoliam</strong></span> 
     </span>
     <span class='ocr_line' id='line_1_35' title="bbox 292 3354 1395 3436; baseline 0 -24"><span class='ocrx_word' id='word_1_288' title='bbox 292 3355 495 3429; x_wconf 72' lang='lat' dir='ltr'><strong>dimicaretur,</strong></span> <span class='ocrx_word' id='word_1_289' title='bbox 516 3375 579 3414; x_wconf 85' lang='lat' dir='ltr'><strong>non</strong></span> <span class='ocrx_word' id='word_1_290' title='bbox 591 3357 769 3414; x_wconf 81' lang='lat' dir='ltr'><strong>Gomoarius</strong></span> <span class='ocrx_word' id='word_1_291' title='bbox 791 3354 876 3436; x_wconf 85' lang='lat' dir='ltr'><strong>(nam</strong></span> <span class='ocrx_word' id='word_1_292' title='bbox 890 3355 916 3414; x_wconf 93' lang='lat' dir='ltr'><strong>is</strong></span> <span class='ocrx_word' id='word_1_293' title='bbox 931 3366 1000 3413; x_wconf 87' lang='lat' dir='ltr'><strong>ante</strong></span> <span class='ocrx_word' id='word_1_294' title='bbox 1012 3357 1075 3412; x_wconf 89' lang='lat' dir='ltr'><strong>iam</strong></span> <span class='ocrx_word' id='word_1_295' title='bbox 1086 3355 1222 3414; x_wconf 86' lang='lat' dir='ltr'><strong>Valentis</strong></span> <span class='ocrx_word' id='word_1_296' title='bbox 1236 3357 1395 3433; x_wconf 82' lang='lat' dir='ltr'><strong>amplexus</strong></span> 
     </span>
     <span class='ocr_line' id='line_1_36' title="bbox 291 3439 1395 3521; baseline 0.002 -25"><span class='ocrx_word' id='word_1_297' title='bbox 291 3449 356 3498; x_wconf 86' lang='lat' dir='ltr'><strong>eret</strong></span> <span class='ocrx_word' id='word_1_298' title='bbox 370 3449 480 3518; x_wconf 78' lang='lat' dir='ltr'><strong>partes,</strong></span> <span class='ocrx_word' id='word_1_299' title='bbox 499 3459 525 3498; x_wconf 89' lang='lat' dir='ltr'><strong>c.</strong></span> <span class='ocrx_word' id='word_1_300' title='bbox 540 3439 595 3517; x_wconf 76' lang='lat'><strong>7),</strong></span> <span class='ocrx_word' id='word_1_301' title='bbox 618 3439 674 3499; x_wconf 79' lang='lat' dir='ltr'><strong>red</strong></span> <span class='ocrx_word' id='word_1_302' title='bbox 688 3443 778 3519; x_wconf 78' lang='lat' dir='ltr'><strong>Agilo</strong></span> <span class='ocrx_word' id='word_1_303' title='bbox 793 3439 875 3514; x_wconf 86' lang='lat' dir='ltr'><strong>dux,</strong></span> <span class='ocrx_word' id='word_1_304' title='bbox 896 3459 988 3521; x_wconf 87' lang='lat' dir='ltr'><strong>quem</strong></span> <span class='ocrx_word' id='word_1_305' title='bbox 1001 3441 1171 3520; x_wconf 85' lang='lat' dir='ltr'><strong>Haplonem</strong></span> <span class='ocrx_word' id='word_1_306' title='bbox 1186 3443 1326 3500; x_wconf 76' lang='lat' dir='ltr'><strong>Zosimus</strong></span> <span class='ocrx_word' id='word_1_307' title='bbox 1338 3459 1395 3500; x_wconf 82' lang='lat' dir='ltr'><strong>ro-</strong></span> 
     </span>
     <span class='ocr_line' id='line_1_37' title="bbox 293 3525 1395 3690; baseline 0.001 -23"><span class='ocrx_word' id='word_1_308' title='bbox 293 3536 358 3598; x_wconf 56' lang='lat' dir='ltr'><strong>m,</strong></span> <span class='ocrx_word' id='word_1_309' title='bbox 377 3528 537 3673; x_wconf 53' lang='lat' dir='ltr'><strong>Zplmllllo</strong></span> <span class='ocrx_word' id='word_1_310' title='bbox 553 3525 768 3670; x_wconf 61' lang='lat' dir='ltr'><strong>mlinolllslbhdbiet</strong></span> <span class='ocrx_word' id='word_1_311' title='bbox 779 3543 918 3669; x_wconf 57' lang='lat' dir='ltr'><strong>erlsbllllrll</strong></span> <span class='ocrx_word' id='word_1_312' title='bbox 935 3611 1038 3669; x_wconf 73' lang='lat' dir='ltr'><strong>iecori</strong></span> <span class='ocrx_word' id='word_1_313' title='bbox 1055 3623 1085 3668; x_wconf 88' lang='lat' dir='ltr'><strong>et</strong></span> <span class='ocrx_word' id='word_1_314' title='bbox 1104 3613 1204 3690; x_wconf 73' lang='lat' dir='ltr'><strong>ecgrice</strong></span> <span class='ocrx_word' id='word_1_315' title='bbox 1225 3613 1327 3689; x_wconf 66' lang='lat' dir='ltr'><strong>scripit</strong></span> <span class='ocrx_word' id='word_1_316' title='bbox 1346 3631 1395 3668; x_wconf 84' lang='lat' dir='ltr'><strong>eo-</strong></span> 
     </span>
     <span class='ocr_line' id='line_1_38' title="bbox 292 3693 1396 3775; baseline 0.001 -22"><span class='ocrx_word' id='word_1_317' title='bbox 292 3693 367 3768; x_wconf 77' lang='lat' dir='ltr'><strong>nn,</strong></span> <span class='ocrx_word' id='word_1_318' title='bbox 388 3706 476 3754; x_wconf 74' lang='lat' dir='ltr'><strong>mura</strong></span> <span class='ocrx_word' id='word_1_319' title='bbox 489 3696 562 3774; x_wconf 80' lang='lat' dir='ltr'><strong>fuir</strong></span> <span class='ocrx_word' id='word_1_320' title='bbox 578 3708 714 3775; x_wconf 74' lang='lat' dir='ltr'><strong>pererras</strong></span> <span class='ocrx_word' id='word_1_321' title='bbox 722 3695 915 3775; x_wconf 68' lang='lat' dir='ltr'><strong>procuraretis</strong></span> <span class='ocrx_word' id='word_1_322' title='bbox 926 3698 1098 3767; x_wconf 65' lang='lat' dir='ltr'><strong>commane,</strong></span> <span class='ocrx_word' id='word_1_323' title='bbox 1119 3709 1155 3756; x_wconf 79' lang='lat' dir='ltr'><strong>ut</strong></span> <span class='ocrx_word' id='word_1_324' title='bbox 1169 3717 1249 3755; x_wconf 77' lang='lat' dir='ltr'><strong>more</strong></span> <span class='ocrx_word' id='word_1_325' title='bbox 1265 3708 1396 3754; x_wconf 73' lang='lat' dir='ltr'><strong>urnam</strong></span> 
     </span>
     <span class='ocr_line' id='line_1_39' title="bbox 290 3775 1340 3846; baseline 0 -7"><span class='ocrx_word' id='word_1_326' title='bbox 290 3803 339 3839; x_wconf 85' lang='lat' dir='ltr'><strong>m</strong></span> <span class='ocrx_word' id='word_1_327' title='bbox 352 3803 421 3840; x_wconf 83' lang='lat' dir='ltr'><strong>eum</strong></span> <span class='ocrx_word' id='word_1_328' title='bbox 438 3782 542 3841; x_wconf 69' lang='lat' dir='ltr'><strong>crvdee</strong></span> <span class='ocrx_word' id='word_1_329' title='bbox 554 3793 620 3840; x_wconf 82' lang='lat' dir='ltr'><strong>tum</strong></span> <span class='ocrx_word' id='word_1_330' title='bbox 634 3783 780 3841; x_wconf 67' lang='lat' dir='ltr'><strong>rrsr&#39;lr&#39;tw</strong></span> <span class='ocrx_word' id='word_1_331' title='bbox 795 3783 1030 3840; x_wconf 65' lang='lat' dir='ltr'><strong>adnumerum</strong></span> <span class='ocrx_word' id='word_1_332' title='bbox 1075 3784 1228 3841; x_wconf 72' lang='lat' dir='ltr'><strong>Ammian.</strong></span> <span class='ocrx_word' id='word_1_333' title='bbox 1245 3786 1288 3846; x_wconf 77' lang='lat'><strong>26</strong></span> <span class='ocrx_word' id='word_1_334' title='bbox 1308 3775 1340 3845; x_wconf 76' lang='grc' dir='ltr'><strong>δ’.</strong></span> 
     </span>
    </p>

    <p class='ocr_par' dir='ltr' id='par_1_9' title="bbox 292 3867 1396 4098">
     <span class='ocr_line' id='line_1_40' title="bbox 376 3867 1395 3948; baseline -0.004 -18"><span class='ocrx_word' id='word_1_335' title='bbox 376 3889 408 3948; x_wconf 84' lang='lat' dir='ltr'><strong>p·</strong></span> <span class='ocrx_word' id='word_1_336' title='bbox 424 3870 486 3932; x_wconf 74' lang='lat'><strong>182</strong></span> <span class='ocrx_word' id='word_1_337' title='bbox 499 3886 530 3926; x_wconf 79' lang='lat' dir='ltr'><strong>v.</strong></span> <span class='ocrx_word' id='word_1_338' title='bbox 543 3867 575 3932; x_wconf 77' lang='lat'><strong>9.</strong></span> <span class='ocrx_word' id='word_1_339' title='bbox 617 3871 684 3948; x_wconf 86' lang='lat' dir='ltr'><strong>ipse</strong></span> <span class='ocrx_word' id='word_1_340' title='bbox 701 3887 772 3926; x_wconf 84' lang='lat' dir='ltr'><strong>curn</strong></span> <span class='ocrx_word' id='word_1_341' title='bbox 786 3869 877 3946; x_wconf 77' lang='lat' dir='ltr'><strong>fugae</strong></span> <span class='ocrx_word' id='word_1_342' title='bbox 890 3867 995 3940; x_wconf 87' lang='lat' dir='ltr'><strong>sociis,</strong></span> <span class='ocrx_word' id='word_1_343' title='bbox 1018 3867 1071 3947; x_wconf 90' lang='lat' dir='ltr'><strong>qui</strong></span> <span class='ocrx_word' id='word_1_344' title='bbox 1090 3869 1218 3926; x_wconf 85' lang='lat' dir='ltr'><strong>vinculis</strong></span> <span class='ocrx_word' id='word_1_345' title='bbox 1234 3887 1304 3926; x_wconf 86' lang='lat' dir='ltr'><strong>eum</strong></span> <span class='ocrx_word' id='word_1_346' title='bbox 1316 3869 1395 3945; x_wconf 76' lang='lat' dir='ltr'><strong>tiga-</strong></span> 
     </span>
     <span class='ocr_line' id='line_1_41' title="bbox 292 3951 1396 4032; baseline -0.001 -21"><span class='ocrx_word' id='word_1_347' title='bbox 292 3964 359 4012; x_wconf 89' lang='lat' dir='ltr'><strong>tuns</strong></span> <span class='ocrx_word' id='word_1_348' title='bbox 374 3951 414 4011; x_wconf 85' lang='lat' dir='ltr'><strong>ed</strong></span> <span class='ocrx_word' id='word_1_349' title='bbox 426 3955 639 4032; x_wconf 72' lang='lat' dir='ltr'><strong>imperatorem</strong></span> <span class='ocrx_word' id='word_1_350' title='bbox 655 3952 823 4029; x_wconf 83' lang='lat' dir='ltr'><strong>duxerant,</strong></span> <span class='ocrx_word' id='word_1_351' title='bbox 848 3953 965 4012; x_wconf 80' lang='lat' dir='ltr'><strong>cervice</strong></span> <span class='ocrx_word' id='word_1_352' title='bbox 987 3952 1117 4013; x_wconf 86' lang='lat' dir='ltr'><strong>abscissa</strong></span> <span class='ocrx_word' id='word_1_353' title='bbox 1132 3953 1324 4012; x_wconf 78' lang='lat' dir='ltr'><strong>obtruncatus</strong></span> <span class='ocrx_word' id='word_1_354' title='bbox 1338 3963 1396 4010; x_wconf 88' lang='lat' dir='ltr'><strong>eet.</strong></span> 
     </span>
     <span class='ocr_line' id='line_1_42' title="bbox 295 4041 448 4098; baseline 0.02 -3"><span class='ocrx_word' id='word_1_355' title='bbox 295 4041 448 4098; x_wconf 82' lang='lat' dir='ltr'><strong>Ammien.</strong></span> 
     </span>
    </p>

    <p class='ocr_par' dir='ltr' id='par_1_10' title="bbox 294 4121 1397 4375">
     <span class='ocr_line' id='line_1_43' title="bbox 380 4121 1395 4202; baseline 0 -22"><span class='ocrx_word' id='word_1_356' title='bbox 380 4122 422 4182; x_wconf 83' lang='lat' dir='ltr'><strong>r&#39;b.</strong></span> <span class='ocrx_word' id='word_1_357' title='bbox 439 4143 469 4182; x_wconf 80' lang='lat' dir='ltr'><strong>v.</strong></span> <span class='ocrx_word' id='word_1_358' title='bbox 485 4125 536 4188; x_wconf 90' lang='grc'><strong>10.</strong></span> <span class='ocrx_word' id='word_1_359' title='bbox 553 4177 555 4191; x_wconf 89' lang='grc'>,</span> <span class='ocrx_word' id='word_1_360' title='bbox 579 4125 734 4182; x_wconf 80' lang='lat' dir='ltr'><strong>Protectcr</strong></span> <span class='ocrx_word' id='word_1_361' title='bbox 754 4122 925 4182; x_wconf 79' lang='lat' dir='ltr'><strong>Marcellus</strong></span> <span class='ocrx_word' id='word_1_362' title='bbox 946 4121 1032 4181; x_wconf 73' lang='lat' dir='ltr'><strong>urbr&#39;e</strong></span> <span class='ocrx_word' id='word_1_363' title='bbox 1057 4123 1192 4181; x_wconf 72' lang='lat' dir='ltr'><strong>Nicaeae</strong></span> <span class='ocrx_word' id='word_1_364' title='bbox 1205 4122 1395 4202; x_wconf 73' lang='lat' dir='ltr'><strong>praeerilt&#39;rsm</strong></span> 
     </span>
     <span class='ocr_line' id='line_1_44' title="bbox 294 4209 1397 4289; baseline 0 -23"><span class='ocrx_word' id='word_1_365' title='bbox 294 4226 404 4284; x_wconf 59' lang='lat' dir='ltr'><strong>agenn</strong></span> <span class='ocrx_word' id='word_1_366' title='bbox 425 4229 500 4267; x_wconf 70' lang='lat' dir='ltr'><strong>«eeu</strong></span> <span class='ocrx_word' id='word_1_367' title='bbox 518 4211 661 4288; x_wconf 79' lang='lat' dir='ltr'><strong>Procopii</strong></span> <span class='ocrx_word' id='word_1_368' title='bbox 679 4211 798 4288; x_wconf 75' lang='lat' dir='ltr'><strong>cognito</strong></span> <span class='ocrx_word' id='word_1_369' title='bbox 816 4210 1031 4289; x_wconf 74' lang='lat' dir='ltr'><strong>interfectoque</strong></span> <span class='ocrx_word' id='word_1_370' title='bbox 1043 4209 1220 4280; x_wconf 83' lang='lat' dir='ltr'><strong>Sereniano,</strong></span> <span class='ocrx_word' id='word_1_371' title='bbox 1240 4209 1397 4288; x_wconf 72' lang='lat' dir='ltr'><strong>consesteirs</strong></span> 
     </span>
     <span class='ocr_line' id='line_1_45' title="bbox 300 4293 1397 4375; baseline 0.003 -26"><span class='ocrx_word' id='word_1_372' title='bbox 300 4293 516 4352; x_wconf 68' lang='lat' dir='ltr'><strong>Oholrulonem</strong></span> <span class='ocrx_word' id='word_1_373' title='bbox 539 4295 695 4373; x_wconf 75' lang='lat' dir='ltr'><strong>proficius</strong></span> <span class='ocrx_word' id='word_1_374' title='bbox 714 4295 879 4375; x_wconf 82' lang='lat' dir='ltr'><strong>funeetrmr</strong></span> <span class='ocrx_word' id='word_1_375' title='bbox 899 4297 1059 4373; x_wconf 73' lang='lat' dir='ltr'><strong>imperium</strong></span> <span class='ocrx_word' id='word_1_376' title='bbox 1076 4297 1199 4356; x_wconf 78' lang='lat' dir='ltr'><strong>invasit.</strong></span> <span class='ocrx_word' id='word_1_377' title='bbox 1245 4305 1397 4372; x_wconf 61' lang='lat' dir='ltr'><strong>conqrtue</strong></span> 
     </span>
    </p>
   </div>
   <div class='ocr_carea' id='block_1_4' title="bbox 0 0 1523 4892">
    <p class='ocr_par' dir='ltr' id='par_1_11' title="bbox 0 0 1523 4892">
     <span class='ocr_line' id='line_1_46' title="bbox 0 0 1523 4892; baseline 0 0"><span class='ocrx_word' id='word_1_378' title='bbox 0 0 1523 4892; x_wconf 95' lang='lat' dir='ltr'><strong> </strong></span> 
     </span>
    </p>
   </div>
  </div>
 </body>
</html>
