3025 4892
556 307 676 374 uua
702 309 786 375 GAP.
806 311 857 374 29.
878 313 931 375 30.
1237 308 1285 378 95

188 475 360 566 Αίγύπτιδς
377 505 423 556 τις
445 478 478 558 ἐξ
494 477 629 566 Ἰβηρίας
647 483 691 557 είς
710 479 766 565 τήν
784 477 904 565 Ῥώμην
925 479 1026 548 ἐλθιδν
1041 483 1091 545 καὶ
1107 489 1173 556 ταῖς
1187 483 1230 558 είς
1247 508 1286 547 τα

186 586 329 668 βασίλεια
348 587 467 668 γυναιξὶ
490 582 630 668 συνήθης
653 581 825 669 γενόμενος,
852 585 983 668 {mysia
1003 591 1047 673 τῷ
1069 587 1287 673 Κωνσταντίνηι

187 685 288 771 πάσης
312 683 490 773 ἁμαρτάδας
513 687 703 774 ἀναιρετικὴν
728 684 803 753 εἶναι
823 687 957 772 τὴντῶν
975 691 1171 776 Χριστιανῶν
1188 690 1286 772 διεβε-

186 788 345 875 βαιιάσατο
369 789 462 869 δόξαν
477 797 634 857 καὶτοῦτο
651 789 728 874 ἐχειν
745 788 934 876 ἐπάγγελμα,
959 790 994 857 τὸ
1010 791 1081 869 τοδς
1096 793 1214 874 ἀσεβεῖς
1229 819 1285 874 με·
1317 847 1320 854 .

161 891 441 977 ὅταλαμβάνοντας
457 894 552 979 αάτής
568 891 669 980 πάσης
683 892 835 982 ἁμαρτίας
853 894 911 973 ἐξω
929 901 1118 983 παραχρῆμα
1133 898 1286 962 καθίστα-

187 1004 275 1064 σθαι.
310 999 475 1081 δεξαμένοο
491 999 525 1064 δέ
541 997 640 1090 ῥᾷστα
655 1005 712 1064 τοῦ
724 998 959 1064 Κωνσταντίνου
972 998 1024 1064 τὸν
1041 997 1193 1084 λόγονκαὶ
1208 999 1286 1087 ἀηε-

186 1103 279 1185 με’νου
301 1102 357 1184 μίν
379 1108 441 1167 ruis
466 1105 618 1188 πατρίων,
641 1099 846 1185 μετασχόντος
868 1103 901 1168 δέ
920 1094 963 1168 ὧν
985 1099 1187 1188 δΑέγύπτισς
1205 1104 1288 1191 αύτῷ

186 1207 362 1288 μετεδίδου,
386 1212 443 1289 τῆς
462 1205 603 1289 ἀσεβείας
617 1205 674 1289 τήν
689 1205 787 1291 ἀρχήν
801 1204 963 1291 ἐποιήσατο
978 1206 1033 1292 τήν
1048 1206 1196 1290 μαντικήν
1211 1206 1288 1290 ἐχειν

187 1309 220 1372 ἐν
233 1305 370 1399 ύποψίρ·
396 1314 517 1374 πολλῶν
530 1310 590 1398 γάρ
608 1309 692 1397 αύτῷ
709 1307 889 1393 διὰταύτης
906 1311 1143 1398 προρρηθέντων
1160 1310 1288 1394 εάτυχη-

146 1408 293 1495 1ομἀτων
314 1413 365 1476 καί
388 1411 542 1495 ἐκβάντων
563 1417 606 1491 είς
626 1411 729 1500 ἐργον,
756 1413 861 1478 ἐδεδίει
878 1411 923 1498 μή
942 1439 1014 1479 ποτε
1030 1417 1081 1479 καὶ
1097 1413 1201 1491 ἀλλοις
1216 1413 1286 1479 κατ’

188 1515 285 1582 αάτοῢ
302 1541 332 1580 τι
353 1518 594 1600 πυνθανομένοις
613 1515 649 1581 τδ
671 1513 816 1598 ἐσόμενον
832 1520 1038 1604 προρρηθείη,
1065 1520 1115 1583 καὶ
1130 1520 1163 1582 ἐκ
1176 1516 1289 1601 ταύτης

186 1625 243 1701 τῆς
263 1621 467 1706 προαιρίσειυς
487 1619 564 1706 πρὸς
588 1618 623 1684 sd
640 1624 739 1683 ταῦτα
756 1617 916 1684 καταλύειν
930 1618 1055 1706 ἐτράπη.
1106 1627 1161 1704 τῆς
1177 1622 1210 1684 δέ
1226 1647 1288 1684 πα-

188 1724 274 1809 τρίου
295 1718 533 1804 καταλαβούσης
548 1719 671 1809 ἱορτῆς,
697 1723 776 1786 καθ’
794 1720 833 1804 ἣν
848 1720 963 1808 ἀνάγκη
977 1723 1011 1787 τὸ
1029 1721 1235 1810 στρατόπεδον
1250 1715 1289 1806 ήν

188 1827 264 1890 ίέναι
279 1827 322 1900 είς
336 1823 372 1890 τὸ
386 1822 596 1904 Καπετώλιον,
622 1823 734 1890 ἀνοδον
746 1825 896 1906 ὀνειδίζων
913 1826 1050 1910 ἀναίδην,
1073 1829 1191 1909 καὶτῆς
1206 1826 1290 1913 ἱεράς

149 1925 341 2015 15ἀγιστείας
367 1926 599 2013 ἀποστατήσας,
626 1931 669 2005 είς
686 1938 778 2011 μῖσος
800 1927 856 2014 τήν
876 1931 1036 2016 γερουσίαν
1055 1932 1105 1994 καὶ
1123 1930 1176 1996 τὸν
1192 1931 1290 2012 δῆμον

185 2033 358 2116 ἀνίστησιν.

214 2191 217 2194 .
291 2135 351 2204 30.
406 2135 472 2200 oon
490 2133 616 2219 ἐνεγκὼν
631 2133 665 2198 δέ
677 2133 735 2210 τὰς
749 2134 835 2222 παρὰ
849 2131 971 2201 πάντων
983 2131 1026 2212 ὡς
1040 2137 1131 2200 εἰπεῖν
1144 2138 1291 2220 βλασηη-

186 2241 261 2322 μίας
283 2234 372 2302 πάλιν
396 2237 579 2324 ἀντίρροπον
602 2243 658 2321 τῆς
673 2233 794 2320 Ῥώμης
816 2235 926 2322 ἐζήτει,
954 2238 1032 2304 καθ’
1058 2237 1096 2322 ἣν
1119 2235 1212 2302 αύτδν
1232 2237 1293 2301 ἐδει

186 2343 328 2425 βασίλεια
344 2340 611 2426 καταστήσασθαι.
655 2339 815 2426 γενόμενος
831 2343 864 2406 δέ
878 2341 993 2426 μεταξδ
1010 2338 1161 2430 Τρωάδος
1175 2343 1225 2405 καὶ
1239 2346 1294 2423 τῇς

146 2446 321 2532 θῦάρχαίας
333 2445 425 2509 Ἰλίου
441 2448 491 2510 καὶ
508 2443 601 2510 τόπον
615 2440 711 2531 εδριδν
726 2449 770 2522 είς
780 2443 897 2523 πόλεως
912 2444 1100 2528 κατασκευήν
1115 2442 1292 2527 ἐπιτήδειον,

186 2549 349 2632 θεμελίους
371 2573 404 2613 τε
428 2545 560 2633 ἐπήξατο
582 2549 634 2612 καὶ
659 2549 777 2630 τείχους
799 2574 828 2613 τι
848 2550 943 2636 μίρος
959 2551 1001 2626 είς
1019 2547 1101 2633 ἀψος
1119 2548 1291 2633 ἀνίστησιν,

258 2726 343 2783 awo
361 2741 403 2780 om
420 2741 478 2778 mm
494 2725 585 2795 supa.
602 2725 638 2779 n.
747 2725 1092 2782 πρωτοστάται.
1109 2707 1252 2780 infirmant.
1265 2729 1291 2781 a.

258 2796 326 2866 quae
343 2795 392 2848 sub
411 2803 512 2863 tyrann.
533 2789 725 2863 στρατόπεδον
746 2800 787 2848 eat
807 2796 849 2847 bic
866 2795 1012 2864 equitatus:
1043 2811 1102 2855 nam
1122 2795 1155 2848 ds
1173 2804 1291 2849 transve-

258 2865 343 2919 ctione
353 2864 473 2934 loquitur.
492 2865 587 2918 Ritter.
705 2863 739 2919 14
755 2863 923 2918 Godofradus
935 2861 1013 2930 ίερδς
1027 2859 1198 2932 ἀρχιερείας,
1216 2866 1291 2920 male.

262 2935 295 3059 13
320 2930 533 3002 ἀποστατήσας]
556 2928 745 3003 ἀποπατήοας
760 2933 815 3001 ΙιΡ,
836 2928 1037 3001 καταπατήσας
1061 2933 1132 2987 editi.
1166 2935 1200 2986 cl.
1218 2951 1244 3003 p.
1259 2931 1291 2990 17

260 3008 274 3059 1
309 3002 366 3058 init.

164 3222 166 3226 Α
188 3159 335 3228 Aegyptios
349 3157 468 3228 quidam,
488 3175 520 3212 ex
536 3157 662 3227 Hispania
673 3159 780 3212 Romam
792 3158 892 3212 delatus
902 3155 1073 3228 palatinisque
1084 3155 1236 3210 mulierculis
1247 3157 1290 3209 la-

188 3229 291 3282 miliaris
302 3230 401 3297 iactus,
419 3227 487 3280 etad
499 3227 659 3280 Constantini
670 3228 822 3298 colloquium
835 3227 974 3294 admissus,
993 3227 1146 3279 sententiam
1157 3225 1291 3279 doctrinae

189 3299 391 3352 Christianorum
407 3297 503 3350 babere
519 3296 569 3350 vim
583 3296 701 3350 abolendi
712 3298 882 3368 quodcunque
891 3302 1022 3367 peccatum
1035 3295 1208 3362 confirmavit,
1226 3301 1253 3348 et
1264 3295 1291 3348 id

188 3367 198 3420 i
217 3383 271 3419 sum
289 3366 355 3420 adeo
375 3365 506 3435 polliceri,
523 3365 638 3418 nimirum
658 3373 822 3437 acceptantes
834 3383 888 3419 eam
901 3363 1130 3435 bominesimpioa,
1148 3381 1205 3417 mox
1223 3363 1292 3416 omni

207 3436 283 3488 elicto
303 3435 415 3489 liberari.
451 3452 508 3488 eam
527 3435 667 3488 orationem
686 3453 742 3488 oum
763 3454 812 3489 non
824 3442 934 3504 gravate
945 3433 1128 3488 Constantinus
1140 3433 1291 3504 accepisset,

190 3522 222 3558 ac
233 3505 326 3573 patrita
338 3505 414 3557 missa
426 3504 541 3571 iaceret,
559 3505 688 3574 perceptis
699 3505 731 3557 iis
744 3523 811 3574 quae
823 3505 863 3557 bic
875 3504 1018 3624 Aegypt-ius
1035 3503 1178 3569 offerebat,
1196 3503 1293 3574 princi·

190 3573 260 3642 pium
270 3574 409 3642 impietatis
420 3574 469 3626 hoc
480 3573 551 3626 dedit
563 3584 591 3625 ut
601 3574 783 3628 divinationem
795 3581 939 3643 suspectam
962 3575 1071 3626 taboret.
1107 3589 1163 3624 nam
1184 3573 1249 3642 quod
1269 3571 1292 3624 el

189 3641 285 3694 multoe
305 3659 348 3695 res
366 3659 508 3712 prosperae
530 3661 576 3712 per
594 3643 660 3695 banc
678 3643 824 3712 praedictae
843 3643 965 3710 fuissent,
983 3642 1075 3724 quibus
1087 3641 1185 3710 quidem
1197 3659 1226 3694 re
1238 3640 1295 3710 ipsa

188 3710 322 3782 respondit
338 3717 462 3775 eventus,
479 3713 618 3764 verebatur
629 3730 662 3763 ne
673 3711 762 3764 itidem
782 3711 840 3764 aliis
852 3712 976 3764 adversus
988 3727 1068 3781 rpsum
1081 3711 1146 3762 banc
1160 3711 1294 3762 consulen-

189 3779 260 3834 tibus
276 3779 303 3832 id
320 3778 389 3849 quod
407 3779 519 3832 laturum
533 3788 603 3832 esset
616 3779 818 3852 praedioeretur.
855 3789 932 3849 atque
948 3781 996 3831 boc
1010 3779 1114 3831 consilio
1126 3779 1249 3847 impulsus
1261 3778 1293 3830 ad

189 3848 331 3902 huiusmodi
350 3848 477 3901 abolenda
493 3866 522 3901 se
541 3850 678 3902 convertit.
713 3867 771 3902 cum
790 3861 874 3903 autem
893 3849 947 3901 dies
962 3848 1061 3918 quidam
1075 3847 1241 3917 morepatrio
1253 3849 1294 3898 le·

189 3928 246 3972 stus
263 3917 429 3988 appetiisset,
445 3934 496 3988 quo
516 3917 558 3970 die
575 3919 601 3971 in
619 3919 773 3988 Capitolium
790 3917 914 3971 exercitui
933 3917 1132 3969 adscendendum
1145 3923 1216 3978 erat,
1236 3931 1293 3968 eum

189 3987 340 4043 adscensum
351 3985 438 4039 verbis
450 3987 638 4040 contatmeliosis
649 3988 810 4058 impudenter
821 3987 964 4054 insectans,
983 3995 1010 4039 st
1020 4003 1037 4038 a
1048 3985 1098 4038 ritu
1110 4001 1239 4037 sacrorum
1251 4001 1293 4036 re·

137 4107 141 4117 ,
188 4057 298 4123 cedens,
314 4062 418 4108 mustus
430 4063 508 4125 atque
536 4056 605 4126 opuli
616 4057 700 4110 odium
711 4057 828 4110 incurrit.

258 4127 302 4180 ³0.
338 4125 455 4194 Cumque
466 4074 598 4194 proiectas
609 4127 642 4179 ab
655 4126 779 4192 omnibus,
798 4143 880 4196 prope
890 4124 1007 4190 dixerim,
1025 4122 1213 4176 exsecrationes
1225 4121 1290 4175 baud

190 4195 289 4261 ferret,
305 4195 396 4248 urbem
416 4194 539 4263 quandam
560 4195 657 4248 Romae
671 4213 759 4266 parem
773 4195 929 4263 quaerebat,
947 4192 974 4245 in
985 4209 1035 4261 qua
1046 4192 1165 4264 palatium
1177 4192 1232 4262 ipse
1244 4191 1293 4245 sibi

191 4263 321 4316 conderet.
355 4263 443 4333 itaque
461 4280 517 4316 cum
535 4264 650 4317 venisset
664 4265 732 4317 inter
745 4264 875 4317 Troadem
894 4270 921 4315 et
938 4261 1048 4332 priscum
1065 4261 1127 4314 illud
1145 4261 1233 4328 llium‚
1251 4261 1292 4313 in-

190 4337 269 4386 vento
280 4332 337 4387 loco
349 4332 383 4386 ad
393 4331 482 4386 arbem
494 4333 649 4386 condendam
662 4333 756 4387 idoneo
775 4332 940 4386 fundamenta
949 4330 1012 4385 iecit
1023 4339 1049 4385 et
1059 4331 1122 4386 muri
1133 4341 1232 4402 partem
1246 4331 1293 4384 ali-
