3025 4892
506 266 607 372 tut
627 302 648 369 t
671 306 754 373 cun.
776 310 807 371 a
829 311 860 371 τ.
882 312 913 375 8.
1199 308 1269 380 181

164 478 312 561 βασιλέας
334 477 513 563 ἀγωνιστέον
521 526 531 558 ,
558 476 681 561 ἄμεινον
704 475 816 563 ἔκρινεν
835 474 910 544 εἶναι
929 484 975 568 τῷ
989 476 1185 563 πλησιάζοντι
1199 484 1269 546 ιλια-

164 581 321 666 μάχεσθαι
336 583 419 659 τέως,
445 578 509 647 εἶτα
525 583 704 664 σκέψασθαι
719 581 753 646 τὸ
772 583 931 668 πρακτέον.

126 673 129 683 Δ
260 683 354 751 Ἀλλά
366 683 543 771 Προκόπιος
557 685 614 767 μέν
631 686 663 749 ίν
680 682 800 761 τούτοις
818 676 872 769 ἦν,
896 683 912 749 ὃ
931 686 965 751 δὲ
978 682 1124 767 βασιλεύς
1142 682 1265 769 Οὐάλης

165 788 221 870 τὴν
244 786 447 854 ἐπανάστασιν
466 791 497 853 έν
513 794 552 874 τῇ
574 788 653 853 κατά
676 790 815 873 Φρυγίαν
829 791 861 851 Γ
858 791 969 879 αλατίιγ
987 786 1161 868 πυθόμενος
1176 814 1265 852 κατε-

139 889 266 975 5πλάγη
287 892 343 975 μέν
363 888 428 974 ἅμα
453 899 492 979 τῇ
512 892 591 979 ἀκοῇ
608 894 658 956 καὶ
676 892 844 973 έπίμπλατο
859 899 1005 978 ταραχῆς,
1025 892 1217 979 Ἀρβιτίωνος
1233 892 1266 954 δέ

164 1000 293 1081 θαρρεῖν
308 993 503 1071 κελεύσαντος
521 994 622 1060 έταττε
644 994 701 1076 μέν
725 992 768 1071 ὡς
783 998 826 1071 τίς
840 992 973 1077 πόλεμον
989 990 1046 1072 τὰς
1062 992 1158 1069 οὔσας
1170 990 1265 1057 δυνά-

163 1124 239 1179 μεις,
265 1095 382 1163 ἔστελλε
404 1100 437 1163 δὲ
456 1097 534 1184 πρὸς
557 1097 611 1163 τὸν
633 1097 767 1185 ἀδελφὸν
788 1096 860 1175 τούς
879 1098 1123 1184 ἀπαγγελοῦντας
1147 1093 1264 1171 ὅσοιςὸ

162 1198 340 1289 Προκόπιος
364 1202 556 1287 ἐνεχείρησεν.
615 1200 694 1266 ἄλλά
721 1200 971 1278 Ούαλεντινιανὸς
996 1202 1053 1284 μέν
1076 1198 1194 1283 άπέηνω
1220 1197 1264 1281 μὴ

161 1310 290 1389 βοηθεῖν
306 1304 392 1391 άνιλρὶ
401 1303 479 1391 πρὸς
489 1302 628 1390 φυλακὴν
644 1304 699 1371 οὐκ
711 1304 871 1391 άρκέσαντι
886 1310 941 1387 τῆς
955 1305 1039 1392 αὐτῷ
1051 1302 1261 1388 παραδεδομέ-

121 1426 154 1481 10
162 1434 216 1491 νης
240 1407 336 1492 ἀρχῆς
342 1456 353 1487 ,
379 1404 395 1472 ὁ
413 1410 446 1471 ut
464 1405 588 1491 Οὐάλης
611 1410 654 1485 εἷς
668 1405 771 1491 μάχην
787 1406 1034 1495 παρεσκευάζετο,
1055 1408 1111 1491 τὴν
1129 1431 1262 1491 στρατη·

161 1511 434 1598 γίανἈρβιτίωνος
456 1514 498 1587 εἰς
518 1510 572 1575 τὸν
593 1511 676 1575 πατὰ
690 1514 869 1596 Προκοπίοο
890 1508 1156 1598 προχειρισάμενος
1172 1506 1259 1571 πόλε-

161 1640 231 1695 μον.
290 1611 461 1695 μελλόντων
484 1614 518 1681 δὲ
537 1612 610 1678 ὅσον
634 1614 751 1677 ούιλέπω
773 1620 835 1679 τῶν
852 1614 1072 1707 Ιστρατοπέδων
1097 1615 1140 1687 εἰς
1155 1621 1263 1696 χεῖρας

162 1719 247 1793 ἰέναι,
274 1713 506 1803 κατεστρατήγει
521 1715 577 1798 τὴν
589 1712 698 1781 τούτου
717 1718 896 1800 προπέτειαν
907 1717 1083 1800 Ἀρβιτίων,
1107 1710 1263 1797 ὑπαγόμε-

161 1844 213 1897 νος
231 1817 277 1882 ὅτι
300 1820 457 1897 πλείστους
481 1824 543 1889 τῶν
564 1820 867 1905 συστρατευομένων,
889 1821 939 1886 καὶ
961 1818 1047 1904 παρά
1066 1815 1183 1885 τούτων
1205 1814 1263 1879 ὅσα

121 1938 152 1993 15
162 1919 338 2007 Προκόπιος
351 1918 525 2003 ἐβουλεύετο
539 1919 777 2009 προμανθάνων.
835 1922 905 2008 (8)
932 1924 994 1985 ἐπεὶ
1017 1923 1050 1986 δὲ
1061 1920 1194 2005 ἤλαυνον
1210 1918 1260 1983 ἐπ’
1278 1946 1304 1986 τι.
1319 1929 1392 1998 866,

160 2023 313 2107 ἀλλήλους
338 2022 355 2089 ὃ
377 2050 409 2096 τε
427 2023 572 2107 βασιλεὺς
594 2028 644 2089 καὶ
667 2022 862 2113 Προκόπιος,
889 2026 1061 2090 συναντῶσί
1073 2050 1138 2099 πιος
1157 2024 1262 2109 σφίσιν

161 2132 203 2206 εἷς
224 2124 380 2215 Θυάτειρα
395 2128 434 2195 τὰ
451 2124 675 2215 στρατεύματα.
724 2134 837 2214 μικροῦ
855 2129 888 2192 δι’
907 2128 1028 2210 ε’άέησεν
1045 2125 1260 2212 ἢΠροκοπίου

160 2234 247 2317 μερίς
258 2229 408 2319 ύπερτέρα
421 2232 562 2319 γενομένη
573 2230 628 2313 τὴν
640 2237 701 2296 τῶν
716 2227 904 2317 πραγμάτων
918 2234 961 2307 εἷς
974 2230 1066 2297 αὐτὸν
1082 2234 1261 2311 μεταθεῖναι

161 2333 274 2421 ῥοπήν,
299 2341 354 2398 τού
371 2332 547 2420 Ὅρμίσάου
566 2341 622 2400 τοῦ
642 2334 768 2418 Πέρσου
784 2334 894 2411 παιδὸς
911 2330 1094 2421 (ὁμώνυμος
1112 2333 1145 2396 δέ
1162 2323 1199 2413 ἦν
1217 2336 1262 2418 τῷ

119 2438 276 2523 concipi)
292 2434 442 2513 ·ὁόξαντος
459 2439 491 2501 ἓν
508 2445 547 2522 τῇ
567 2434 653 2528 μάχη
679 2442 873 2504 πλεονεκτεῖν,
933 2437 1013 2501 ἀλλὰ
1029 2439 1061 2499 Γ
1057 2432 1185 2521 ομάριος
1200 2439 1262 2504 τῶν

159 2543 339 2629 Προκοπίοο
366 2546 543 2628 στρατηγῶν
567 2538 674 2627 ἅτερος
678 2588 690 2619 ,
714 2548 866 2611 κοινωνῶν
892 2545 947 2625 τῆς
979 2536 1116 2627 πράξεως
1147 2536 1262 2603 ἅπασιν

230 2752 247 2807 5
266 2750 394 2805 Ammiano
412 2751 528 2807 Arbetio.
666 2748 699 2803 15
717 2744 878 2817 ἐβουλεύετο
894 2746 1079 2800 Leunclaviua:
1102 2746 1160 2799 libri
1178 2742 1260 2815 ίβού·

228 2824 371 2949 ἒεχρχοηῇ
474 2822 510 2881 20
527 2818 680 2878 (tamarica
703 2818 842 2875 summo.
865 2813 1010 2887 Γομάριος
1031 2816 1108 2873 etiam
1125 2818 1259 2887 Anonymo

160 3079 291 3135 iudicabat
310 3083 341 3133 ut
356 3078 382 3132 id
402 3078 525 3149 temporis
541 3078 667 3131 duntaxat
682 3077 807 3131 adversas
821 3075 960 3148 proximum
971 3076 1109 3147 pugnaret,
1125 3090 1158 3126 ac
1167 3070 1260 3125 deindo

160 3150 222 3221 quid
234 3166 312 3220 porro
332 3150 457 3219 agendum
469 3156 545 3203 esset
561 3147 708 3218 dispiceret.

228 3226 265 3271 Ac
285 3220 426 3288 Procopius
442 3218 542 3290 quidem
565 3218 630 3268 baec
651 3216 754 3283 agebat.
800 3214 894 3266 Valens
918 3218 1003 3265 autern
1024 3212 1178 3280 imperator,
1210 3225 1255 3259 ac-

161 3292 234 3355 cepto
255 3288 398 3343 rebellionis
424 3287 497 3339 buius
523 3286 555 3338 ad
585 3286 714 3353 Pbrygiae
739 3284 868 3337 Galatiam
892 3282 995 3345 nuntio,
1020 3280 1124 3333 territus
1143 3279 1177 3331 ad
1201 3276 1257 3330 eius

161 3357 254 3407 tanturn
272 3366 342 3409 tutus
357 3354 555 3425 perturbationis
570 3355 659 3437 plenus
678 3358 741 3406 erat.
781 3353 827 3405 sed
844 3368 902 3406 curn
919 3368 976 3403 euru
994 3349 1094 3403 Arbitio
1112 3350 1179 3399 bono
1198 3362 1257 3397 essa

161 3424 244 3475 anirno
260 3424 390 3491 iussisset,
415 3426 447 3479 ud
463 3424 555 3481 bellurn
576 3424 720 3476 instruebat
739 3438 783 3474 eas
803 3422 890 3491 cupias
908 3438 975 3489 quae
991 3420 1023 3471 sd
1048 3433 1148 3470 manum
1172 3419 1255 3481 erant,

160 3492 284 3561 simulque
303 3495 417 3545 mittebat
442 3494 473 3545 ad
494 3496 598 3545 tratrem
621 3492 664 3561 qui
689 3493 835 3543 nuntiarent
855 3498 964 3557 quantas
982 3506 1024 3541 rss
1040 3485 1182 3556 Procopius
1199 3500 1256 3536 mo-

161 3561 222 3613 litus
248 3561 344 3615 luisset.
386 3562 577 3614 Valentinianus
603 3562 642 3627 ai,
668 3560 710 3629 qui
731 3560 764 3612 ad
789 3560 960 3611 defensionem
990 3565 1017 3608 at
1042 3556 1182 3608 custodiam
1207 3552 1255 3604 im-

161 3630 226 3701 perii
241 3630 290 3682 sibi
309 3629 396 3682 traditi
412 3632 474 3683 satis
484 3632 589 3683 idoneus
606 3630 775 3696 maluisset,
792 3628 893 3681 minime
907 3626 1040 3679 ferendum
1059 3625 1177 3676 auxilinm
1194 3638 1256 3673 ceu-

159 3700 242 3753 nebat
293 3699 388 3750 Valens
401 3701 432 3751 ad
451 3716 561 3767 pugnarn
580 3718 609 3751 se
629 3700 808 3768 comparabat,
833 3714 889 3747 curn
913 3696 1026 3762 gerendo
1052 3699 1140 3745 contra
1155 3693 1256 3743 Proco·
1315 3750 1319 3757 ι

160 3769 228 3843 pium
241 3768 308 3821 bello
320 3768 407 3819 ducern
418 3770 574 3821 Arbitionem
586 3785 643 3820 curn
656 3764 947 3835 inrperiopraet'ecissat.
981 3763 1026 3813 ubi
1041 3762 1091 3813 iarn
1111 3760 1185 3813 motio
1204 3775 1255 3810 non

160 3855 248 3890 munus
260 3837 400 3890 conserturi
412 3848 498 3889 assent
511 3836 649 3903 exercitus,
666 3834 831 3904 inipcratoria
842 3833 951 3902 quadarn
962 3832 1076 3883 sollertia
1086 3830 1255 3881 temeritatem

159 3906 282 3975 Procopii
299 3906 514 3959 circumveniebat
530 3906 644 3967 Arbitio,
660 3904 856 3975 quamplurimos
873 3920 905 3955 ex
922 3903 954 3953 iis
971 3900 1013 3969 qui
1029 3899 1208 3952 ainititabant
1221 3894 1256 3946 sd

160 3994 189 4029 se
208 3975 353 4061 pelliciam,
371 3988 445 4027 etex
464 3976 503 4026 bis
522 3974 641 4043 Procopii
661 3974 766 4027 consilia
782 3986 1008 4043 praecognoscens.
1044 3969 1102 4036 (8)
1122 3982 1178 4017 cnm
1189 3980 1252 4014 nero

160 4062 246 4115 coprus
256 4045 394 4115 irnpsrator
405 4052 482 4113 atque
493 4044 635 4112 Procopius
652 4052 740 4096 contra
758 4060 787 4094 se
800 4042 826 4092 in
839 4041 921 4093 vicem
933 4039 1063 4100 (lucerent,
1078 4035 1171 4087 accidit
1182 4039 1210 4084 ut
1219 4030 1252 4083 ad

160 4114 289 4185 Thyatira
305 4114 354 4166 sibi
371 4118 537 4165 occurrerent
552 4112 695 4177 exercitum
717 4120 744 4165 et
761 4111 865 4181 paulum
881 4108 964 4161 abluit
980 4106 1041 4176 quin
1057 4104 1177 4173 Procopii
1194 4115 1255 4171 pars

159 4183 267 4236 victuris
286 4184 367 4252 potita
385 4200 469 4236 rorum
486 4198 606 4235 sununarn
619 4181 646 4234 in
658 4182 738 4251 ipsurn
750 4182 912 4244 nunciasset,
929 4194 985 4228 curn
996 4173 1142 4231 Hormisda.
1158 4172 1256 4224 Persae

160 4252 226 4303 illius
246 4253 327 4317 filius,
345 4254 412 4323 patri
429 4250 593 4321 cognominis,
610 4268 640 4303 ec
659 4250 755 4321 proelio
774 4251 842 4300 visus
860 4248 952 4299 suisset
962 4244 1077 4298 hostibus
1087 4243 1199 4295 existere
1210 4257 1254 4291 su-

159 4319 251 4391 perior.
285 4321 332 4375 sad
344 4322 481 4375 Gunarius
496 4320 561 4373 ultar
572 4320 663 4373 ducunt
679 4318 817 4390 Procopii,
835 4318 963 4390 particspu
973 4313 1092 4369 {ausoris
1102 4328 1189 4365 aurum
1201 4326 1254 4363 orn·
