3025 4892
275 336 281 344 ·
384 285 718 358 committamus
741 287 1009 358 mstomcus.
1173 289 1249 364 369
1275 289 1284 313 '

149 457 228 518 velle
241 451 340 536 pudor
351 455 401 517 sit.
444 475 506 515 non
519 455 622 536 itaque
633 474 685 514 ane
697 453 782 534 piget
796 475 862 516 esse
876 456 1041 516 sententiae
1057 475 1162 517 eorum
1176 457 1248 539 qui·

148 543 207 602 bus
228 542 398 601 librarios
389 561 525 600 moneare
550 549 586 600 et.
600 559 655 619 pro
671 536 830 640 μυριάδων
845 541 1006 600 rescribere
1020 538 1164 624 χιλιάδων
1178 545 1248 624 pla-

151 629 230 702 cuit3
249 628 371 707 qualem
388 624 547 685 verborum
566 627 818 705 permutationem
836 625 1000 686 scribarum
1021 630 1176 688 oscitantia
1195 647 1247 689 cr-

149 724 212 772 tam
228 713 287 770 alio
300 714 392 770 etiam
408 713 522 770 Zosimi
537 711 603 770 loco
625 709 640 791 (
648 713 668 773 6
690 708 731 789 8)
754 709 1025 790 deprehendemus.

234 795 386 870 Quasdam
404 817 452 856 res
472 796 683 856 memorabiles
704 797 814 854 Iuliani
831 797 984 856 brevitatis
1003 797 1126 856 oonsilio
1146 815 1163 855 a
1184 799 1247 857 Zo-

150 881 227 942 simo
249 885 423 963 praeteritas
446 884 550 962 paucis
572 879 634 939 hic·
646 900 880 941 commemorare
901 901 936 941 ac
957 882 1103 942 subiicere
1121 901 1182 940 non
1197 885 1248 940 iu-

150 966 341 1026 carnmodmn
362 966 491 1026 ridetur.
534 985 613 1025 anno
629 965 838 1029 3551unanus
857 968 991 1027 Caesaris
1013 969 1079 1027 loco
1096 983 1131 1024 ac
1146 965 1249 1044 digui-

149 1063 211 1112 tate
239 1055 355 1131 positas
381 1064 544 1134 postquam
565 1053 730 1110 Viennae
720 1073 753 1110 m
777 1053 875 1110 Gallia
897 1049 1031 1110 hiemem
1052 1063 1248 1129 transegerat,
1273 1103 1277 1114 .

149 1156 323 1218 progressas
336 1137 408 1196 inde
425 1133 677 1216 Augustodunum
689 1136 823 1217 aliasque
836 1137 941 1212 urbes,
962 1139 994 1196 in
1014 1139 1121 1196 itinere
1138 1136 1251 1205 barba·-

150 1242 199 1282 ros
218 1225 271 1303 qai
285 1243 355 1281 eum
367 1226 537 1282 invaserant
550 1223 666 1281 fortiter
680 1224 804 1302 repulit,
828 1242 862 1282 ac
882 1225 1014 1302 primum
1027 1224 1146 1280 ιιιιιιιιι
1159 1221 1251 1280 belli-

151 1327 203 1366 cae
224 1311 377 1387 specimen
399 1306 504 1366 edidit.
547 1327 626 1366 anno
649 1307 820 1387 insequenti
843 1305 977 1388 (557)
966 1329 1000 1366 ιιι
1019 1307 1174 1381 Marcelli,
1197 1306 1252 1388 qui

150 1393 189 1452 ob
209 1394 362 1473 ignaviam
383 1403 435 1451 aut
453 1391 591 1451 fraudem
611 1403 766 1452 revocatus
783 1405 861 1468 erat,
883 1393 985 1452 lacurn
1000 1394 1142 1452 successit
1154 1391 1252 1452 Seve-

150 1498 216 1554 rus,
245 1488 279 1536 ιιι
304 1498 398 1557 penes
420 1481 521 1557 ipsum
548 1496 666 1537 summa
689 1497 790 1535 rerum
812 1477 1011 1556 gerendarum
1033 1487 1124 1551 esset,
1155 1476 1252 1536 donec

151 1563 342 1623 coustantius
361 1561 510 1622 Eusebiae
530 1564 635 1622 uxoris
661 1558 865 1622 cohortatione
887 1574 916 1620 et
937 1563 1061 1622 consilio
1079 1565 1179 1620 victus
1197 1565 1253 1620 la-

150 1648 232 1706 liano
248 1651 317 1727 ipsi,
340 1651 516 1728 quinamen
530 1649 735 1727 potiusquam
749 1646 927 1726 dignitatem
942 1649 1076 1706 Caesaris
1093 1645 1251 1722 habuerat,

150 1751 275 1792 omnem
291 1733 365 1792 belli
388 1749 491 1792 curam
512 1743 544 1792 et
564 1730 853 1792 administrationem
878 1733 1038 1791 commisit.
1080 1752 1134 1811 spe
1159 1733 1252 1809 igitur

150 1815 330 1878 lactshaud
346 1815 455 1877 dubiae
469 1821 500 1876 ιιι
516 1829 670 1898 posteram
686 1817 801 1895 gloriae
812 1818 954 1892 bellicae,
976 1819 1111 1876 Iulianus
1126 1815 1252 1896 quidem

150 1922 217 1961 rem
227 1905 378 1982 praeclare
392 1901 534 1962 adversas
548 1903 690 1962 barbaros
700 1905 810 1980 gessit,
833 1905 886 1984 qui
896 1902 1081 1982 Lugdunum
1095 1900 1252 1960 obsidione

150 1987 344 2068 premebant,
366 1999 397 2047 et
411 1990 518 2048 urbem
531 1984 668 2048 hostibus
681 1987 777 2066 pulsis
791 1988 939 2046 liberavit.
981 1988 1122 2046 Barbatio
1139 1998 1252 2062 autem,

144 2070 1125 2151 Rhenumtransiturns,adversamexpertuslortunamabarbaris
1134 2071 1253 2132 cladem

151 2161 276 2238 accepit.
305 2157 367 2222 rid.
375 2161 510 2218 Iulianus
522 2180 569 2238 ep.
582 2157 619 2216 ad
626 2156 749 2232 Athen,
763 2160 915 2217 Αιιιιιιιιιι.
928 2161 976 2233 16,
991 2159 1149 2216 Libauor.
1158 2161 1209 2220 12.

235 2265 266 2323 p·
283 2246 343 2308 126
357 2264 387 2302 ι.
403 2248 452 2308 19.
496 2242 580 2304 haud
606 2241 738 2302 dilucide
761 2245 906 2324 explicuit
926 2245 1066 2302 Zosimus
1089 2243 1198 2300 Iuliani
1218 2243 1252 2300 in

151 2328 316 2388 Gennauos
331 2328 537 2408 expeditiones
552 2340 722 2407 susceptas,
744 2332 909 2388 accuratius
924 2331 1103 2388 Ammianus
1125 2326 1187 2408 (17
1211 2328 1252 2389 10

151 2423 182 2470 et
198 2413 255 2492 18)
277 2425 307 2471 et
319 2417 453 2473 Iulianus
464 2418 529 2496 ipse
545 2435 592 2493 ep.
584 2412 646 2472 .ad
657 2411 867 2473 Athenienses.
889 2423 935 2472 ter
946 2414 1061 2472 bellum
1073 2413 1110 2472 ab
1126 2432 1162 2472 eo
1178 2411 1252 2470 bar-

150 2497 230 2556 baris
245 2499 380 2573 illatam,
403 2509 434 2556 et
446 2501 569 2557 traiecto
581 2497 710 2557 Rheno'
701 2519 734 2554 m
749 2500 884 2576 ipsoram
898 2501 985 2556 terris
999 2508 1127 2577 gestum.

162 2627 175 2644 .
237 2581 279 2639 ib.
296 2602 325 2640 ι.
339 2585 390 2645 23.
432 2586 544 2662 pariter
556 2583 689 2640 lulianus
702 2581 783 2659 apud
797 2581 967 2641 Suidamiu
981 2586 1080 2665 χρῆμα
1094 2587 1152 2641 ait:
1173 2577 1252 2664 πρός

129 2729 136 2738 ,
149 2689 208 2746 την
219 2661 419 2746 Ἑρκυνίων”
396 2672 475 2748 υιην
488 2666 624 2746 idioma.
671 2665 782 2725 Callet.

235 2773 267 2830 Ρ
284 2757 386 2816 tata.
401 2757 432 2815 ι.
476 2754 578 2833 lapsus
599 2772 696 2810 errore
713 2753 852 2812 Zosimus
866 2771 978 2810 nomen
993 2751 1090 2830 regula
1103 2752 1198 2829 capta,
1221 2760 1252 2808 et

151 2846 271 2916 tempus
289 2856 349 2918 quo
372 2847 475 2916 captus
493 2839 564 2913 fait,
587 2839 757 2917 perturbate
778 2835 910 2894 tradidit.
954 2838 1053 2918 isqui
1073 2836 1188 2915 proelio
1210 2833 1251 2893 ad

43 2957 57 2976 .
151 2924 383 2999 Argentoratum
403 2925 499 2982 victus
520 2933 683 3004 captusque
709 2942 765 2980 rex
787 2923 845 2980 fuit
866 2942 893 2980 a.
906 2923 939 2980 C.
953 2923 1031 2996 357,
1053 2939 1164 2978 acmen
1186 2939 1250 2979 non

150 3005 322 3066 Vadomarii
336 3007 390 3067 sed
406 3005 618 3067 Chnodomarii
632 3007 750 3083 habuit,
774 3018 804 3064 et
818 3027 835 3064 a
847 3009 963 3066 Iuliano
979 3004 1018 3064 ad
1031 3007 1249 3081 Constantium,

151 3095 236 3152 caius
264 3097 405 3172 auspiciis
430 3094 545 3152 bellum
566 3095 703 3172 gerebat,
732 3095 842 3151 missus
866 3103 910 3150 est
941 3092 1113 3173 (Ammian.
1136 3095 1173 3155 16
1197 3092 1248 3166 12,

151 3179 258 3238 Iulian.
277 3199 325 3258 ep.
347 3179 385 3238 ad
401 3177 529 3256 Athen„
551 3181 669 3258 Eunap.
683 3177 720 3236 de
732 3179 836 3256 Legat.
851 3189 880 3235 et
892 3181 980 3234 Peter
994 3179 1141 3234 Patricius
1158 3177 1248 3255 Corp.

151 3263 215 3322 Ser.
230 3265 303 3342 Byz.
319 3285 350 3344 p.
365 3263 439 3343 20).
482 3263 678 3324 Badomarius
690 3262 823 3338 tandem,
846 3264 959 3342 aliquot
973 3264 1059 3320 annis
1074 3263 1247 3334 interiectis,

152 3367 180 3408 a.
194 3350 226 3406 C.
241 3351 344 3412 360111
355 3371 480 3408 manum
492 3351 608 3409 Iuliano
622 3352 684 3407 iam
699 3350 869 3428 imperatori
885 3349 967 3407 venit
982 3357 1010 3406 et
1024 3351 1056 3404 in
1071 3348 1248 3426 Hispaniam

151 3430 298 3492 abductus
316 3446 362 3492 est
383 3437 444 3516 (cf.
459 3440 564 3500 Zos.3
587 3439 607 3499 9
624 3445 654 3492 et
668 3431 820 3514 Eanap.).

238 3515 279 3574 ib.
296 3537 326 3575 ι.
337 3524 388 3582 20.
432 3519 583 3579 habebant
600 3521 740 3578 Caesares
757 3520 888 3576 ncta'rios
905 3517 1033 3597 aliquot,
1059 3515 1095 3574 ab
1112 3517 1249 3593 Augusto

152 3611 255 3659 tamen
273 3604 447 3678 attributos,
468 3616 503 3663 ut
524 3604 610 3664 docet
630 3608 770 3663 Zosimus
786 3607 820 3663 in
837 3605 924 3661 rebus
943 3603 1050 3660 luliani
1066 3603 1199 3660 Caesaris
1218 3610 1248 3660 et

151 3689 306 3747 Ammiani
332 3693 382 3752 17
425 3649 515 3768 lbage
542 3701 644 3750 autem
672 3687 814 3748 differunt
839 3690 952 3747 notarii
973 3689 1009 3744 ab
1032 3685 1244 3764 exceptoribus.

151 3793 225 3831 narn
245 3772 352 3830 notarii
374 3785 443 3832 suut
463 3772 654 3854 &adrxoi‘
631 3781 836 3856 υπογραφεῖς,
858 3785 892 3832 ιι
909 3775 1022 3851 passim
1036 3775 1175 3830 Zosimus
1190 3791 1247 3849 ap·
1250 3777 1255 3788 '

151 3858 262 3937 pellat,
285 3860 338 3939 qui
355 3859 388 3916 in
408 3861 589 3921 consistorio
612 3871 678 3919 acta
700 3859 907 3938 excipiebant3
930 3867 960 3915 et
978 3860 1020 3914 ita
1034 3877 1153 3960 semper
1166 3853 1247 3934 apud

151 3943 362 4002 Marcellinum
371 3956 539 4003 sumuntur.
582 3957 613 4004 ιι
627 3967 698 4004 vero
712 3953 888 4022 exceptores
898 3953 967 4002 sunt
979 3939 1174 4024 ταχυγρᾶφοι,
1194 3939 1246 4021 qui

151 4031 232 4088 notis
243 4029 411 4088 scribebant
422 4040 486 4089 acta
497 4030 679 4109 praesidum.
727 4031 762 4090 V
755 4029 876 4087 clesma

236 4134 267 4193 p·
285 4116 345 4177 128
360 4135 391 4173 ι.
408 4118 458 4179 18.
503 4127 587 4174 erant
602 4118 710 4196 viginti
726 4117 812 4172 maha
826 4115 1020 4192 capurorum
1063 4111 1171 4170 Iulian.
1196 4129 1245 4188 ep.

152 4197 192 4257 ad
204 4196 315 4257 Athen.
330 4189 537 4302 dwpapicac’
518 4197 659 4288 ιιιήιηια
674 4197 756 4285 nepai
769 4193 1006 4281 τῶνβαρβάρων
1019 4193 1143 4279 ὑπὲρ
1112 4218 1165 4258 ιον
1176 4192 1247 4276 Ῥῆ·

150 4307 208 4349 ιον
222 4308 313 4358 ονιας
325 4280 541 4368 αἰχμαλώτους.

92 4365 98 4377 ’
192 4376 322 4432 minu.
995 4361 1038 4432 24
