3025 4892
239 276 290 352 76
354 338 358 347 .
709 279 859 350 zosufl

238 477 302 518 τιον
323 454 423 530 κακῶς
450 446 618 538 διαλύσειν.
685 453 780 539 (11)
796 467 799 474 ’
813 453 892 520 ἀλλὰ
915 447 1030 520 τούτων
1051 449 1146 520 inus
1171 449 1203 518 ἐν
1231 451 1326 538 ἐγχει-

237 553 358 640 ρήσεσιν
374 555 427 635 ἔτι,
452 553 650 640 Μαξιμιανδς
669 552 686 621 δ
708 559 740 620 Γ
735 558 872 646 αλλίριος
895 557 927 622 ἐκ
951 553 1164 650 προλαβούσης
1180 552 1326 641 ἑταιρείας

236 655 401 741 ἐπιτήδειον
418 657 491 725 ὄντα
507 660 590 747 αύτῷ
603 660 761 725 Λικίννιον
774 661 901 742 βασιλία
916 661 1106 742 καθίστησιν,
1131 659 1326 744 ἐπιστρατεύ-

69 749 222 874 mg:
235 785 285 826 σαι
301 767 407 827 τούτου
423 765 588 850 Μαξεντίρ)
603 761 823 846 διανοούμενος.
873 765 934 829 ἐπεὶ
953 763 986 827 δέ
1005 768 1102 828 ταῦτα
1117 761 1327 847 βουλευομένιρ

103 887 191 941 einins.
231 871 353 948 τραῦμα
369 867 511 962 δυσίατον
525 867 681 950 ἐνοκῆψαν
695 867 779 953 αύτῷ
791 871 847 932 τού
860 868 930 948 βίον
945 865 1132 949 μετέστησεν,
1159 864 1252 947 εἴχετο
1271 865 1350 944 μὲν5

105 972 129 1009 ⁸·
146 959 199 1013 31¹
233 970 283 1030 καί
297 968 454 1046 Λικίννιος
465 975 519 1051 τῆς
528 971 695 1050 βασιλείας,
704 965 878 1056 Ἕρκούλιος
894 969 927 1034 δέ
943 967 1139 1050 Μαξιμιανδς
1153 966 1326 1048 ἀναλαβεῖν,

233 1065 276 1146 ὥς
297 1069 415 1156 εἴρηταί
428 1096 481 1152 μοι
486 1119 498 1150 ,
523 1072 579 1153 τὴν
599 1075 758 1152 βασιλείαν
772 1069 962 1158 ἐπιχειρήσας
984 1071 1185 1158 ἀλλοτριῶσαι
1203 1071 1259 1152 μέν
1272 1073 1327 1152 τῆς

104 1191 130 1230 ⁸·
148 1178 200 1232 diii
233 1172 309 1259 πρὸς
323 1175 496 1250 Μαξέντιον
510 1173 627 1251 εὐνοίας
646 1175 717 1252 τούς
738 1172 925 1261 στρατιώτας
938 1171 1116 1253 ἐσπούδασε,
1141 1177 1196 1237 τού
1213 1173 1246 1236 δέ
1263 1173 1325 1235 δω-

158 1299 162 1309 ’
236 1285 318 1358 ρεαῖς
341 1277 548 1354 κοέ,ἐλεειναίς
566 1276 690 1354 ἱκεσίαις
713 1277 825 1356 αύτούς
842 1277 1085 1358 ἐπισπασαμίνου
1105 1277 1156 1340 καί
1179 1281 1233 1358 τῆς
1246 1272 1325 1338 κατὰ

236 1379 465 1444 Κωνσταιτίνου
485 1380 536 1444 διὰ
552 1386 613 1471 τῶν
628 1380 684 1445 σύν
696 1380 779 1468 αύτῷ
796 1388 987 1467 στρατιωτῶν
1001 1380 1164 1461 ἐπιβουλῆς
1176 1377 1324 1464 ἐπειρᾶτο.
1334 1385 1368 1439 10

234 1478 527 1567 προκαταλαβούσης
543 1484 577 1547 δέ
594 1479 739 1567 Φαύστης
751 1481 786 1548 ri
803 1481 1025 1570 ἐγχειρούμενον
1039 1485 1089 1546 καί
1103 1487 1147 1569 τῷ
1160 1483 1325 1545 Κωνσταν-

234 1585 306 1672 τίνιρ
329 1590 418 1649 τούτο
438 1583 634 1670 μηνυσύσης,
657 1582 862 1673 ἀπορούμενος
885 1587 932 1650 ἐπὶ
952 1592 996 1675 τῷ
1016 1583 1138 1650 πάντων
1158 1583 1290 1650 ἐκπεσεῖν
1308 1579 1325 1647 ὃ

106 1692 131 1730 ⁸·
151 1679 204 1734 ³¹⁰
230 1681 404 1774 Ἕρκούλιος
419 1685 499 1776 νύσῳ
512 1689 590 1754 κατὰ
605 1689 661 1772 τὴν
677 1689 802 1775 Ταρσδν
819 1687 998 1773 ἐτελεύτησε.

339 1789 394 1859 12.
446 1789 570 1874 Ταύτην
591 1794 625 1858 δέ
647 1792 804 1880 διαφυγὼν
832 1789 849 1857 ὅ
873 1795 1046 1871 Μαξίντιος
1076 1789 1133 1874 τὴν
1152 1783 1325 1871 ἐπιβουλήν,

104 1905 129 1944 ⁸·
150 1892 203 1948 ³⁰7
235 1888 312 1972 ἐχειν
329 1917 360 1956 τε
378 1891 439 1976 ἤδη
456 1896 590 1976 βεβαίως
610 1891 745 1977 οίύμενος
763 1895 818 1977 τὴν
837 1892 943 1982 ἀρχήν,
960 1896 991 1958 ἐν
1006 1891 1115 1979 Λιβύῃ
1130 1894 1180 1957 καὶ
1197 1893 1323 1976 Καρχη-
1333 1895 1366 1953 15

233 1991 298 2056 δύνι
316 1993 459 2077 rodgario
479 1995 579 2060 είκύνα
600 1995 655 2079 τὴν
669 1997 764 2061 αύτοῦ
778 1999 984 2084 περιοίσοντας
1000 1993 1136 2078 δἰιεμπεν.
1188 1990 1260 2078 ὅπερ
1274 2017 1325 2076 γε·

231 2095 339 2160 νίσθαι
355 2094 543 2174 κωλύσαντες
561 2099 590 2163 oi
603 2095 714 2164 aristide
729 2105 912 2184 στρατιῶται
926 2105 965 2185 τῇ
983 2101 1050 2184 περὶ
1065 2099 1095 2160 Γ
1092 2096 1230 2182 αλλίριον
1243 2097 1324 2160 Μα-

231 2197 368 2279 ξιμιονδν
380 2199 481 2290 εύνοίρ
499 2203 549 2264 καὶ
562 2197 666 2288 μνήμη
673 2251 683 2282 ,
709 2201 810 2285 ἐπειδὴ
827 2202 1001 2279 Μαξίντιον
1013 2196 1253 2285 ἐπιστρατεύσειν
1266 2196 1324 2262 αύ-

230 2309 295 2377 τοῖς
310 2300 442 2386 ἔγνωσαν
456 2300 568 2386 ταύτης
580 2305 665 2369 ἕνεκα
679 2311 733 2388 τῆς
751 2303 961 2382 ἀντιστάσεως,
981 2305 1023 2380 είς
1038 2303 1092 2385 τὴν
1098 2298 1324 2386 Ἀλεξάνδρειαν

231 2402 434 2489 ἀνεχώρησαν.
495 2405 612 2484 λκαναΐς
632 2408 665 2472 δέ
686 2403 831 2488 δυνιίμεσι
854 2404 1073 2493 περιπεσόντες,
1099 2399 1149 2481 αἷς
1175 2404 1365 2486 οἷντίσχεινΞο

232 2505 289 2588 ούχ
313 2502 375 2570 οἷοί
393 2533 425 2572 τε
450 2499 539 2591 ἦσαν,
564 2510 612 2574 ἐπί
630 2510 687 2593 τὴν
704 2507 890 2596 Καρχηδόνα
913 2506 1003 2574 πάλιν
1018 2509 1217 2574 ἀπέπλευσαν.
1267 2504 1321 2593 ἐφ’
1388 2504 1391 2511 Δ

233 2603 279 2684 οἷς
292 2607 454 2692 eosq-isici
472 2612 645 2690 Μαξίντιος
659 2610 798 2699 ὥρμησεν
816 2613 863 2676 ἐπὶ
883 2613 937 2696 τὴν
953 2607 1079 2696 Λιβύην
1094 2611 1253 2676 ἐκπλεύσω
1272 2611 1323 2674 καὶ

231 2716 293 2776 τῶν
313 2719 409 2778 ταῦτα
425 2711 640 2798 τολμησάντων
662 2711 868 2802 ἁμαρτήματα
886 2720 1052 2796 μετελθεῖν.
1110 2720 1171 2780 τῶν
1189 2715 1223 2779 δέ
1243 2708 1322 2797 μα’ν-

298 2856 318 2910 2
333 2849 456 2924 ἑταιρίας
468 2858 500 2912 Ρ.
602 2857 637 2914 23
652 2852 847 2927 ἁμαρτήματα]
859 2873 892 2911 un
903 2856 939 2914 sui
954 2855 1160 2928 ἁμαρτήματαβ

232 2971 293 3025 lium
303 2971 461 3028 Maxentium
478 2974 505 3028 in
520 2987 607 3030 mutus
623 2977 808 3031 concitaturum
819 2976 885 3032 odis.
922 2979 995 3048 (11)
1013 2978 1071 3031 dum
1082 2975 1198 3029 bseciile
1210 2973 1322 3038 πολῖται,

232 3041 399 3097 Maximianus
411 3045 540 3098 Gelierios
558 3064 590 3098 ex
604 3046 729 3099 societste
746 3047 902 3117 superiorum
914 3055 1054 3116 temporum
1066 3044 1209 3098 familiarem
1219 3043 1267 3095 sibi
1278 3043 1322 3094 Li-

233 3109 322 3162 sinium
332 3112 508 3182 imperatorem
519 3123 606 3182 meet,
623 3115 690 3184 qnod
702 3115 776 3168 huius
787 3133 865 3184 opera
875 3116 942 3169 bello
954 3115 1108 3168 Maxentium
1121 3129 1180 3182 pers
1215 3110 1239 3163 ui
1251 3111 1322 3179 cogi-

232 3186 308 3230 taret
343 3189 507 3252 posteaquem
524 3183 655 3236 Gnlicrius
671 3185 735 3236 λιοιια
752 3184 852 3252 agitans
867 3185 971 3238 consilis
984 3203 1016 3237 ex
1025 3179 1157 3236 incurabili
1167 3197 1201 3231 vu
1212 3197 1271 3232 nere
1282 3180 1322 3232 vi-

231 3253 283 3298 tem
295 3263 351 3299 cnm
363 3261 444 3304 morte
454 3258 638 3315 commutusset,
652 3251 782 3320 imperium
798 3251 909 3305 Licinius
926 3269 1027 3322 quoqne
1039 3252 1085 3304 sibi
1098 3249 1251 3302 vindicabat.
1285 3249 1323 3302 ei-

232 3315 288 3366 dem
298 3321 481 3386 usurpando,
499 3336 545 3370 ceu
557 3320 680 3382 diximus,
697 3321 810 3374 intentus
822 3321 987 3373 Maximianus
999 3319 1147 3386 Herculius,
1165 3325 1194 3370 ut
1203 3317 1295 3370 milites
1306 3333 1323 3370 s

231 3384 410 3439 bertevuieutin
424 3395 452 3439 et
469 3388 558 3440 studiis
568 3405 631 3455 erga
642 3387 800 3441 Maxentium
808 3390 940 3456 alienaret,
957 3407 1059 3459 operum
1073 3389 1158 3442 debet
1194 3393 1222 3441 st
1233 3403 1288 3438 cunt
1299 3387 1322 3439 is

228 3451 403 3518 largitionibus
413 3465 441 3507 et
451 3456 549 3508 miseris
558 3473 587 3508 su
607 3457 783 3526 plicstiouibus
795 3475 853 3511 suas
864 3459 888 3510 in
901 3468 987 3528 psrtes
998 3475 1042 3512 eos
1052 3457 1227 3528 pertraxisset,
1244 3457 1321 3510 etium

229 3521 397 3575 corisuntino
416 3531 516 3578 struere
534 3475 662 3578 uinciatur
676 3526 780 3578 iusidias
799 3543 885 3579 eornm
904 3543 983 3598 opera
1001 3525 1232 3595 militinnquusiiie
1242 3541 1321 3596 penes

227 3605 257 3642 se
267 3589 386 3642 nubebat
420 3609 508 3646 serum
525 3595 593 3662 quod
611 3595 708 3647 Fausta
724 3603 842 3648 conatum
858 3596 924 3649 iliius
940 3596 1121 3648 antevertisset
1132 3610 1163 3646 ac
1176 3611 1228 3646 reru
1239 3601 1322 3647 totum

228 3657 397 3711 constamine
407 3660 558 3729 indicasset,
573 3663 600 3715 iu
615 3662 818 3732 desperationem
835 3681 919 3719 rerum
929 3664 1038 3720 σπεύσω
1049 3663 1174 3718 adductus
1185 3662 1321 3716 Herculius

228 3728 295 3799 upud
306 3727 416 3782 Tarsum
427 3735 514 3784 morbo
525 3732 700 3800 exstinguitur.

298 3799 340 3852 12
374 3799 520 3854 Maxentius
531 3800 837 3856 insidiisirisceiiberatus
868 3817 947 3873 seque
960 3803 1009 3856 iem
1028 3800 1214 3856 constabilitum
1225 3799 1321 3852 heberu

227 3872 322 3936 pntsus
338 3867 484 3936 imperinm,
501 3869 528 3921 in
548 3869 657 3923 Africam
674 3880 702 3923 et
724 3845 904 3940 Carthaginem
924 3872 1041 3925 mittebat
1056 3870 1101 3940 qui
1117 3869 1171 3922 eius
1187 3867 1320 3935 imaginem

228 3935 427 3989 circumferrent,
479 3938 531 3990 uod
542 3953 598 3992 curn
610 3937 667 3991 fieri
683 3939 873 4010 prohibuissent
888 3957 974 3993 eurum
984 3941 1096 3993 locorum
1107 3937 1195 3990 milites
1205 3937 1240 3988 ob
1250 3951 1319 3988 suan

161 4044 171 4052 .
229 4021 293 4072 ergo
303 4005 440 4060 Galierium
514 4008 630 4060 'mianum
641 4009 841 4062 benevolentium
856 4008 961 4077 eiusque
977 4009 1134 4070 memoriam,
1149 4003 1250 4074 cognito
1261 4003 1321 4057 Mu-

229 4073 340 4126 xentium
357 4077 411 4128 eius
428 4076 613 4130 εδνειιεῑίοπίε
630 4093 707 4130 causa
724 4065 898 4160 suscepturum
922 4077 1119 4145 expeditionem,
1142 4072 1319 4127 Alexandriam

229 4141 378 4197 discessere.
411 4161 518 4217 cumque
527 4147 589 4198 satis
600 4160 705 4214 magnes
714 4147 741 4198 in
751 4161 840 4215 copres
856 4145 1017 4208 incidissent,
1035 4143 1125 4213 quibus
1135 4143 1258 4196 obsistere
1268 4159 1319 4196 nou

230 4218 361 4281 poterunt,
375 4214 482 4282 ιιιινὶρίἱι
493 4215 671 4283 carthaginem
681 4215 780 4267 τοτετεὶ
791 4221 858 4268 suut.
892 4215 1051 4284 quamobrem
1062 4217 1200 4264 commotus
1211 4211 1319 4265 Maxen-

145 4342 153 4366 Ι
230 4279 281 4334 tius
291 4278 317 4334 in
326 4279 440 4336 Atticam
449 4283 572 4353 nusigsre
581 4284 712 4340 contituit
721 4290 750 4339 et
766 4293 884 4339 suctores
899 4285 987 4340 horum
999 4281 1137 4337 uetustum
1148 4277 1246 4350 potire.
1272 4278 1319 4334 ssd
