3025 4892
620 307 864 380 Patauino.
1231 333 1295 384 xut

201 515 266 556 rum
287 491 438 570 codicem,
459 492 647 570 Palatinum,
668 511 761 576 quoru
777 493 960 576 ciiaptictae
975 493 1097 575 lignatii
1109 495 1292 561 bibliotheca

197 599 364 679 profectum
376 594 556 656 bibliotheca
570 595 847 677 Heidelbergenrie,
868 607 1029 681 autequam
1041 603 1170 660 Romam
1181 597 1292 681 depor-
1333 635 1350 664 s

197 712 259 761 tatu
272 702 347 776 fuit,
369 699 520 774 servabat,
542 699 720 779 Sylburgiua
735 702 878 760 contulit:
888 699 1018 766 sidetut·
1030 703 1085 762 ille
1095 704 1222 764 laxioris
1235 725 1290 763 ou-

199 823 249 862 rae
263 811 292 862 et
305 801 479 880 diligentiae
496 801 651 860 librarium
665 799 816 863 babuisse.
859 813 985 886 uterque
1001 815 1121 882 tamen,
1141 808 1216 865 item
1236 827 1290 866 co·

198 905 258 965 dex
278 901 477 964 bibliothecae
499 905 715 980 coislinianae,
737 925 806 964 canu
826 906 858 964 in
881 908 925 966 eia
943 907 1004 967 rint
1017 906 1142 967 eaedem
1152 909 1289 986 lacernae,

197 1029 237 1068 ex
255 1029 316 1068 uno
334 1005 500 1087 eodemque
518 1003 619 1065 codice
637 1007 764 1087 profecti
775 1006 902 1088 putandi
912 1019 992 1068 eunt.
1035 1020 1202 1069 ceterorum
1216 1029 1289 1070 vero

145 1181 147 1190 Ι
196 1110 348 1185 codicum,
370 1125 498 1190 quorum
518 1108 619 1189 aliqua
638 1109 671 1166 in
688 1110 797 1189 vulgae
818 1121 933 1170 constat
953 1091 1074 1189 notitia,
1095 1111 1228 1172 indicem
1248 1131 1288 1172 ex

194 1212 425 1273 Montefalconio
445 1221 475 1269 et
493 1210 560 1269 aliis
573 1211 658 1271 libria
672 1211 841 1270 confectum
856 1211 908 1272 hic
924 1213 1071 1273 subiicere
1084 1233 1146 1274 uon
1162 1213 1288 1294 pigebit,

194 1325 228 1374 ut
252 1327 281 1374 et
300 1323 444 1396 quantam
463 1311 653 1372 succurrendi
671 1315 793 1374 Zoaimo
808 1317 909 1376 critica
924 1293 981 1396 ¹ope
994 1336 1080 1397 apem
1093 1317 1174 1376 alere
1186 1317 1287 1392 liceat,

194 1429 224 1478 et
238 1419 346 1500 quibua
360 1419 392 1475 in
409 1416 483 1475 locis
497 1415 646 1474 auxilimu
658 1414 864 1498 quaerendum
878 1421 934 1497 rit,
955 1429 1081 1480 constet.

276 1521 312 1578 ln
331 1517 426 1576 Italia
447 1517 633 1596 reperiuntur

233 1625 264 1685 1.
291 1619 389 1680 Codex
405 1617 597 1678 bibliothecae
616 1619 792 1681 Vaticana..
837 1619 900 1684 vid.
920 1623 1113 1684 Moutloucon
1123 1619 1202 1680 Bibl.
1216 1619 1285 1679 bia-

276 1741 375 1781 uuacr.
387 1729 409 1778 t.
423 1725 485 1799 ip·
499 1721 519 1783 8
531 1722 565 1780 0.

231 1830 263 1890 2.
290 1823 387 1882 Codex
399 1820 471 1886 bibi.
487 1822 887 1883 LammaaraeMedieeae.
931 1825 1055 1884 Plutona
1063 1829 1114 1900 70,
1128 1823 1284 1899 eudoxii,
1302 1843 1331 1898 Ρ·
1348 1839 1380 1877 ¹¹

270 1924 437 1984 membran.
478 1924 549 1982 libri
571 1922 591 1988 6
620 1943 688 1982 cum
708 1923 831 1984 echoliir
849 1926 1029 2008 quibusdam
1050 1925 1089 1986 ad
1106 1929 1285 2007 marginem,

274 2027 373 2108 (quae
395 2023 508 2086 scholia
530 2027 656 2085 fortune
670 2023 778 2086 eadem
793 2048 862 2087 cum
876 2031 1093 2109 marginalibus
1104 2030 1285 2090 lectionibus

272 2129 486 2189 Leunclaviani
511 2125 621 2186 codicia
639 2138 724 2204 aunt,
745 2139 778 2188 et
792 2131 820 2188 ci
836 2133 1008 2207 recitarit,
1029 2128 1110 2190 uude
1131 2132 1283 2191 Leuncla-

272 2235 339 2294 uiua
359 2229 492 2292 codicem
510 2249 614 2304 eumn,
637 2232 690 2310 qui
705 2249 746 2289 ex
758 2231 845 2290 ltalia
859 2242 937 2307 erat,
958 2243 1115 2312 acceptum
1132 2231 1282 2310 habuerit,

272 2333 384 2397 indicio
400 2333 486 2392 nobie
500 2351 564 2391 case
576 2331 748 2411 poterunt).
791 2335 984 2393 lilontfauccu
1000 2336 1023 2393 l.
1040 2357 1066 2394 c.
1080 2355 1112 2414 p.
1125 2337 1238 2403 3781).

230 2443 262 2504 8.
288 2437 384 2495 Codex
404 2434 475 2494 bibl.
504 2437 632 2496 Venetae
647 2433 681 2492 S.
698 2433 857 2500 Murci13
871 2459 901 2518 y.
945 2433 1135 2498 Herodianus
1154 2447 1186 2497 et
1202 2441 1282 2498 Bot-

269 2542 348 2598 miue
370 2535 535 2618 (Zosimus)
561 2537 594 2595 in
608 2555 800 2616 pergameno.
842 2537 1035 2597 Moutlaucon
1047 2538 1070 2597 l.
1083 2559 1110 2598 c.
1123 2559 1156 2619 p.
1168 2538 1231 2604 472
1241 2543 1282 2598 A.

271 2642 449 2700 Laurentiue
469 2636 646 2717 Theopolue
671 2637 722 2718 (iu
741 2637 816 2698 bibl.
833 2639 867 2699 S.
882 2641 975 2698 Murci
992 2639 1281 2722 1740f01.p.19s)

271 2743 409 2823 designat
422 2737 555 2800 codicem
568 2741 631 2804 390
646 2741 679 2799 iu
693 2737 729 2816 4,
750 2741 1028 2818 membranaceum,
1049 2741 1192 2804 foliorum
1206 2743 1279 2820 158,

269 2847 379 2906 saeculi
392 2844 507 2902 circiter
521 2837 573 2904 15.

225 2951 258 3007 in
281 2947 387 3006 Gallia
640 2964 644 2974 ’

226 3048 257 3113 4.
284 3049 382 3108 Codex
394 3048 466 3108 bibl.
486 3049 698 3108 Cohlhcianae.
722 3043 921 3129 Rip-214.
942 3044 1008 3105 cod.
1021 3045 1098 3123 160,
1120 3047 1193 3106 olim
1204 3049 1278 3123 360,

269 3154 482 3233 bombycinus,
506 3151 547 3216 16
567 3151 695 3226 saeculi,
717 3147 809 3210 habet
830 3149 902 3208 folia
921 3148 1001 3234 6613
1028 3149 1168 3230 Dionysii
1189 3152 1279 3209 Hali-

269 3255 416 3314 camaaeei
431 3255 558 3313 Roman.
571 3255 675 3333 Antiq.
689 3252 759 3312 libri
774 3257 812 3318 11
826 3262 857 3311 et
868 3252 983 3311 Zosimi
995 3248 1119 3310 biatoria
1132 3253 1187 3311 iol.
1202 3253 1279 3317 528.

269 3375 338 3414 cum
361 3352 411 3414 hic
434 3353 530 3414 codex
545 3373 586 3414 ex
600 3353 708 3414 eodem
727 3355 894 3434 exscriptam
910 3354 950 3413 rit
963 3351 1065 3412 codice
1079 3375 1119 3414 ex
1135 3375 1195 3437 quc
1211 3354 1278 3414 adi·

266 3459 379 3532 tiones,
402 3455 657 3540 quemadmodum
672 3477 713 3515 ex
727 3453 923 3516 similitudine
941 3451 1080 3515 hiatuum
1093 3456 1196 3536 colligi
1208 3468 1280 3536 pot·

268 3569 330 3632 eat,
352 3570 528 3618 emanarunt
545 3579 665 3634 omnea,
687 3577 798 3638 paucus
815 3555 923 3633 modo,
946 3567 980 3614 ut
993 3559 1137 3637 auspicari
1152 3579 1209 3639 par
1224 3569 1280 3634 eet,

267 3658 392 3720 exhibet
403 3661 565 3720 lectionum
579 3661 748 3719 varietates.
778 3659 858 3719 conf.
871 3659 1065 3719 Mcntlauccn
1077 3673 1101 3720 t.
1112 3667 1127 3726 1
1143 3682 1175 3741 p.
1185 3663 1279 3727 1057.

181 3743 187 3758 ⁸
214 3766 256 3832 ·6.
282 3763 381 3823 ooclee
392 3763 470 3822 ulter
480 3763 610 3822 cinaedm
622 3761 824 3821 bibliothecae.
848 3761 1279 3843 Mantfaucont.1p.10421).

224 3872 255 3932 6.
281 3865 379 3925 codex
408 3865 602 3926 bibliothecae
632 3865 749 3944 Regiae
777 3865 961 3923 Parahmic
986 3866 1089 3929 20782
1118 3861 1278 3943 Nicephori

266 3969 417 4048 Gregorae
430 3967 574 4029 historiae
587 3971 674 4028 Rom.
689 3985 760 4047 parc
773 3968 888 4047 prima3
909 3965 1024 4025 Zosimi
1038 3962 1144 4025 hiatur.
1159 3967 1230 4025 libri
1243 3968 1276 4034 6.

265 4071 458 4130 Montlaucon
472 4082 495 4130 t.
511 4071 529 4133 1
546 4091 575 4151 p.
589 4073 651 4135 728
664 4069 698 4128 (l.

222 4179 253 4240 7·
280 4173 377 4234 Codex
397 4172 460 4239 625
481 4171 673 4231 bibliothecae
692 4172 873 4232 Mouucterii
895 4169 930 4229 S.
954 4168 1091 4247 aemath·
1102 4167 1275 4241 menois,

265 4277 471 4357 bombycinus,
497 4279 536 4342 16
551 4275 672 4352 saeculi,
693 4273 764 4333 libri
777 4273 809 4340 6.
843 4271 1138 4352 atonmuconctp.
1147 4273 1272 4336 128911.

18 2073 25 2154 l
