3025 4892
522 292 601 358 ΠΒ.
623 290 644 357 4
671 291 754 359 GAP.
779 296 829 357 10.
856 296 906 357 11.
1192 290 1263 361 185

164 466 316 549 μηδεμίαν
334 462 437 545 αάτοΐς
453 465 605 549 iustarum
620 460 747 551 τροφήν.
808 460 946 549 ὕπαρχον
961 464 1016 546 μέν
1032 454 1086 531 σόν
1100 468 1156 546 τῆς
1171 460 1267 544 αάλῆς

164 568 317 645 Αόξόνιον
335 570 501 650 ἀπεδείκνυ,
528 566 717 634 Σαλούστιον
729 563 843 649 ταύτης
858 567 909 631 dni
921 566 956 631 τὸ
970 574 1066 653 γῆρας
1083 568 1181 653 ἀφείς,
1206 565 1265 649 ἤδη

167 669 306 758 δεύτερον
326 671 440 757 ταότην
460 668 745 757 μεταχειρισάμενον
760 670 816 753 τὴν
829 666 943 757 ἀρχήν·
969 668 1121 747 Λάξόνιος
1136 671 1179 749 δέ,
1198 670 1267 733 καί,

166 802 222 859 περ
239 777 398 853 ἐνεστῶτος
416 774 496 841 οὕτω
511 774 645 863 μεγάλου
661 776 806 856 πολέμου,
831 776 902 859 περί
917 799 949 840 τε
964 772 1021 856 τὴν
1039 781 1099 837 τῶν
1116 776 1267 859 εἰσφορῶν

141 878 323 964 δείσπραξιν
347 882 462 957 δίκαιος
487 870 542 961 ἦν,
564 878 672 944 οὐδένα
695 875 886 963 βαρύνεσθαι
909 876 996 964 παρὰ
1012 876 1047 941 τό
1065 882 1203 959 καθῆκον
1216 876 1268 938 καλ

167 979 360 1067 όφειλόμενον
379 981 576 1067 ἀνεχόμενος,
606 984 656 1047 καλ
675 978 813 1047 όλκάδων
835 978 947 1062 πλήθει
972 979 1029 1063 τὴν
1050 978 1268 1064 στρατιωτικὴν

166 1086 284 1167 σίτησιν
304 1086 355 1151 διδ
374 1092 429 1151 τοῦ
449 1087 592 1165 Εὐξείνου
613 1084 724 1151 πόντου
745 1094 814 1162 ταῖς
835 1085 975 1166 ἐκβολαῖς
997 1089 1053 1148 τοῦ
1067 1082 1187 1168 Ἴστρου
1207 1107 1269 1145 πα-

167 1185 328 1274 ραδιδούς,
355 1190 521 1255 κάντεῦθεν
539 1189 590 1255 ded
611 1194 671 1253 τῶν
684 1190 842 1270 ποταμίων
859 1189 974 1252 πλοίων
988 1196 1056 1263 ταῖς
1072 1185 1270 1266 ἐπικειμέναις

166 1297 211 1377 τῷ
227 1298 355 1379 ποταμῷ
371 1289 493 1359 πόλεσιν
505 1293 770 1373 ε’ναιεοτιθέμενος,
790 1288 866 1356 ὥστε
881 1292 913 1367 ἐξ
929 1288 1051 1372 ἕτοίμου
1069 1290 1211 1374 γενέσθαι
1225 1292 1270 1374 ru*

127 1397 362 1483 λῦστρατοπέδῳ
385 1396 441 1479 τὴν
467 1398 627 1485 χορηγίαν.
696 1394 792 1479 (11)
816 1391 934 1461 τούτων
955 1396 988 1459 δὲ
1015 1391 1094 1458 οὕτω
1117 1399 1267 1475 χειμῶνος
1283 1415 1310 1454 a.
1325 1406 1378 1463 869

167 1496 254 1574 όντος
268 1498 310 1563 έτι
330 1502 522 1587 διῳκημένων
528 1549 538 1579 ,
565 1500 655 1585 έαρος
668 1498 838 1583 ἀρχομένου
859 1504 915 1579 τῆς
931 1493 1235 1583 Μαρκιανουπόλεως
1252 1490 1268 1557 ὃ

167 1601 311 1684 βασιλεδς
337 1602 471 1680 ἀναστάς
494 1602 559 1685 ἅμα
576 1613 641 1677 τοῖς
663 1604 705 1677 είς
720 1600 904 1686 τόνἼστρον
919 1598 1106 1687 φυλάττουσι
1117 1593 1268 1684 στρατιά-

168 1728 237 1781 ταες
257 1709 439 1789 περαιωθεὶς
463 1708 494 1773 ἓν
512 1712 550 1793 τῇ
574 1706 704 1793 πολεμίφ
727 1713 792 1781 τοῖς
813 1700 985 1789 βαρβάροις
1006 1700 1098 1787 ἐπῄει.
1155 1707 1217 1767 τῶν
1236 1700 1270 1765 δὲ

112 1793 115 1801 ,
170 1812 277 1889 στῆναι
290 1808 366 1894 πρὸς
383 1806 486 1893 μάχην
506 1810 633 1873 σταδίαν
653 1807 689 1871 οὗ
706 1802 950 1892 θαρρησάνιων,
975 1804 1219 1891 ίγκεκρυμμένων
1237 1803 1271 1866 δὲ

130 1920 161 1975 15
172 1920 235 1986 τοῖς
259 1911 337 1975 ἕλεσι
360 1915 410 1979 καί
433 1914 466 1977 ἐκ
492 1908 607 1978 τούτων
630 1912 784 1996 λαθραίας
800 1908 986 1990 ποιουμένων
1006 1905 1184 1994 ίπιδρομάς,
1209 1915 1273 1981 τοῖς
1360 1915 1362 1922 ’

170 2014 225 2096 μέν
238 2011 439 2099 στρατιώταις
454 2014 533 2079 κατά
546 2010 654 2099 χώραν
672 2014 811 2079 ἐπέταττε
827 2013 925 2095 μένειν
930 2059 941 2091 ,
968 2008 1040 2076 ὅσον
1059 2012 1090 2075 δέ
1109 2002 1147 2094 ἦν
1164 2013 1273 2074 οἰκετι-

171 2116 224 2181 κόν
244 2116 440 2203 συναγαγών,
459 2120 511 2185 καί
534 2116 605 2181 ὅσον
628 2116 730 2199 μέντοι
745 2115 802 2199 τὴν
817 2124 872 2199 τῆς
889 2115 1059 2198 ἀποσκευῆς
1073 2116 1273 2200 ἐπετέτραπτο

164 2218 328 2307 φυλακήν,
363 2218 453 2308 ῥητόν
478 2248 508 2289 τι
528 2222 657 2309 χρυσίον
678 2216 849 2301 ὑπισχνεῖτο
879 2222 1047 2306 δωρεῖσθαι
1075 2224 1120 2304 τῷ
1150 2212 1275 2302 βαρβά-

174 2348 229 2407 ρου
257 2324 379 2411 φέροντι
408 2322 553 2412 κεφαλήν.
614 2322 710 2400 εὐθὺς
737 2315 792 2386 οὖν
819 2320 949 2400 ἅπαντες
973 2322 1134 2407 ἓπῃρμένοι
1159 2327 1197 2407 τῇ
1218 2324 1275 2383 τοῦ

131 2444 164 2495 90
174 2426 299 2511 κέρδους
324 2428 438 2506 ίλπίδι,
471 2438 538 2505 ταῖς
561 2424 650 2505 όλοις
672 2428 804 2503 καὶτοῖς
829 2427 926 2491 ἕλεσιν
948 2422 1133 2507 εἰσδυόμενοι
1150 2420 1221 2497 τοός
1243 2447 1275 2487 τε

174 2532 419 2613 προσπίπτοντας
441 2528 651 2617 ἀναιροῦντες,
693 2526 908 2605 ἐπιδεικνύντες
929 2554 961 2597 τε
984 2534 1045 2591 τῶν
1059 2550 1271 2611 κατασφαττο-

173 2632 271 2713 μένων
295 2632 351 2711 τάς
368 2633 505 2718 κεφαλάς
529 2631 563 2695 τὸ
588 2632 703 2714 ταχθέν
721 2632 902 2713 ίκομίζοντο.
954 2636 1069 2695 πολλοῦ
1088 2626 1276 2711 δέτιλήθους

174 2740 281 2799 τοῦτον
297 2734 351 2799 τόν
374 2732 487 2821 τρόπον
511 2733 719 2817 ἀπολομένου,
740 2736 808 2819 περὶ
822 2736 961 2798 σπονδῶν
976 2733 1004 2796 oi
1018 2732 1202 2814 λελειμμένοι
1219 2739 1274 2795 τοῦ

243 2915 262 2967 2
278 2908 414 2977 Αάξόνιον
425 2912 501 2965 etiarn
512 2911 698 2981 Philostorgius
710 2910 799 2978 habet,
814 2906 938 2976 Ἐξόνιου
949 2908 980 2979 (i.
993 2927 1015 2962 e.
1028 2904 1171 2974 Αίξόνιον,
1187 2902 1273 2975 Aut)

245 2984 387 3053 Euunpius.
413 2982 528 3033 diversus
547 2981 597 3034 luit
614 2980 750 3049 Ausonius,
768 2997 842 3049 quam
863 2981 1008 3049 reponebat
1022 2983 1053 3033 S.
1073 2978 1125 3033 vid.
1143 2978 1275 3045 Prosopo-

244 3055 335 3121 grapb.
354 3050 411 3103 cod.
430 3052 482 3103 Th.
499 3052 534 3103 lt.
649 3054 683 3105 12
701 3050 740 3112 εἰς
751 3048 837 3103 ποτοῖο
848 3066 882 3102 an
893 3048 1015 3102 abundet.
1118 3046 1155 3102 22
1170 3040 1274 3114 ταχθὲν

246 3121 429 3179 leunclavius
446 3119 504 3172 libri
518 3114 610 3189 τάχος.

177 3272 335 3340 Autronium,
355 3272 469 3327 Snlnslio
487 3280 594 3343 propter
614 3276 768 3324 senectutem
787 3270 837 3324 boc
857 3286 961 3323 munere
972 3268 1094 3337 liberato,
1111 3266 1156 3337 qni
1174 3266 1224 3319 iam
1235 3283 1276 3319 se-

179 3342 263 3393 cundo
275 3342 450 3409 magistratum
462 3344 528 3395 hunc
538 3350 666 3411 gesserat.
700 3342 832 3394 Ausonius
845 3357 927 3405 vero,
943 3339 1005 3391 licet
1018 3338 1082 3391 adeo
1095 3353 1211 3404 ruffinum
1222 3335 1279 3387 bel-

179 3410 231 3461 lurn
249 3410 404 3477 immineret,
420 3420 504 3465 tamen
525 3419 552 3463 et
570 3411 596 3462 in
616 3410 747 3478 exigendis
763 3409 864 3461 tributis
878 3410 961 3461 iustus
979 3416 1048 3476 erat,
1066 3407 1189 3459 neminem
1210 3405 1279 3457 ultra

180 3494 254 3547 quarn
267 3485 394 3547 parasset
411 3497 442 3531 ac
460 3481 540 3533 debiti
558 3488 677 3549 posceret
686 3479 753 3531 ratio
766 3480 867 3546 macari
881 3478 1047 3547 permittens3
1066 3483 1094 3529 et
1105 3474 1279 3527 onerariarum

180 3562 273 3613 magna
292 3548 366 3616 copia
378 3550 510 3601 militarem
528 3566 648 3601 annonam
664 3565 712 3631 per
723 3547 833 3599 Pontum
845 3547 972 3599 Euxinum
984 3546 1018 3597 ad
1029 3545 1090 3598 Istri
1102 3561 1194 3597 curans
1207 3544 1281 3609 ostia,

179 3614 324 3667 fluvialibus
344 3616 403 3669 inde
422 3618 530 3685 navigiis
547 3628 648 3669 vectam
665 3636 690 3669 ια
711 3617 804 3687 oppida
824 3625 929 3685 propter
944 3632 1041 3667 amnem
1056 3614 1107 3667 sita
1118 3611 1282 3675 recondebat,

180 3684 216 3739 ita
228 3682 328 3751 quidem
340 3694 369 3735 ut
380 3694 447 3738 osset
460 3687 527 3739 unda
538 3685 695 3756 suppeditari
707 3704 738 3737 ea
749 3685 867 3737 militibus
878 3685 998 3753 expedite
1009 3688 1106 3753 posset.
1152 3681 1225 3749 (11)
1243 3681 1282 3731 bis

180 3753 207 3805 in
229 3753 295 3804 hunc
313 3753 413 3805 modum
430 3755 512 3806 adbuc
529 3756 639 3807 durante
659 3756 740 3807 biems
756 3753 912 3823 procuratis,
935 3753 999 3805 inito
1018 3770 1081 3803 vere
1099 3748 1283 3818 Marcianopoli

181 3822 285 3874 solvens
293 3822 439 3890 imperator,
451 3842 500 3876 una
512 3841 568 3876 cum
576 3823 749 3894 praesidiariis
757 3824 790 3875 ad
800 3824 890 3874 lstrum
900 3820 1021 3873 militibus
1029 3820 1054 3871 in
1065 3820 1189 3872 hosticum
1198 3826 1284 3871 trans-

181 3898 283 3956 vectus,
301 3889 424 3942 barbaros
438 3893 561 3947 adoritur.
597 3893 646 3943 illis
657 3910 720 3945 vero
733 3907 820 3961 pugna
834 3892 942 3943 stataria
952 3888 1073 3956 congredi
1086 3906 1135 3940 non
1149 3887 1227 3950 ausis,
1238 3886 1283 3939 sed

181 3960 250 4012 intra
262 3958 368 4028 paludes
382 3960 475 4013 abditis
492 3968 519 4013 et
536 3980 568 4014 ex
586 3960 617 4013 iis
632 3961 804 4013 clandestinos
816 3960 932 4013 incursus
944 3957 1112 4022 molientibus,
1130 3955 1221 4007 milites
1236 3972 1282 4008 suo

181 4029 238 4081 loco
259 4045 360 4081 manera
378 4028 459 4096 iussit,
483 4039 509 4081 et
529 4031 595 4081 omni
615 4030 729 4081 calonum
749 4031 825 4080 turba
838 4029 946 4080 collecta
957 4044 1010 4079 cum
1021 4027 1053 4078 iis
1065 4026 1156 4095 quibus
1167 4033 1224 4076 crat
1234 4024 1280 4075 im-

183 4098 382 4166 pedimentorum
400 4098 530 4151 commissa
545 4099 676 4166 custodia,
693 4106 788 4150 cenam
804 4098 859 4149 auri
871 4113 989 4148 summam
1003 4095 1027 4147 ei
1039 4113 1068 4147 se
1079 4096 1195 4145 daturum
1206 4093 1280 4162 polii-

182 4167 306 4238 relinqui
319 4168 422 4219 barbari
435 4178 510 4236 caput
522 4168 655 4219 attulisset.
697 4184 754 4219 mox
766 4167 845 4234 igitur
858 4184 943 4217 omues
955 4164 1036 4218 erecti
1048 4180 1094 4231 spe
1107 4161 1187 4227 lucri,
1205 4162 1281 4214 silvas

183 4243 258 4303 atque
278 4234 383 4304 paludes
402 4237 528 4303 ingressi,
545 4236 636 4287 obvios
652 4252 767 4305 quosque
785 4234 927 4305 perimunt,
946 4242 973 4285 et
989 4234 1181 4285 interfectorum
1192 4232 1281 4300 ‘capita

182 4310 350 4357 monstrantes
370 4305 503 4375 pecuniam
524 4305 688 4359 constitutam
709 4306 843 4360 auferunt.
876 4304 924 4358 boc
941 4295 1281 4371 modoounlingens'multi-
