3025 4892
398 271 733 341 COMMENTARIUS
751 271 1021 344 tmromctts.
1178 273 1261 346 ’891

160 439 219 500 lms
239 438 424 518 affliguntur.
466 458 506 497 ιιι
527 436 658 500 excidit
653 455 737 499 ·.vox
756 445 821 515 soie
833 434 953 524 περ1’
917 461 977 522 sapt
989 432 1083 522 η’ῐίνὰ
1095 439 1153 504 τὀιῖ
1164 461 1260 504 κοτα-

162 529 223 606 μιιῖ
235 529 450 604 uupossrsoaos
462 523 639 599 σκοπέλοις)
679 527 728 585 H.

246 630 277 687 p
269 613 353 672 991
369 631 399 669 ι’.
414 609 446 673 1.
487 613 515 668 si
537 609 702 669 Claudiano
722 619 829 690 poetae
845 607 920 669 fides
935 611 974 668 sil
995 607 1053 690 (de
1067 608 1089 672 4
1101 629 1182 669 oons.
1194 613 1261 670 lla-

161 697 240 754 noris
230 693 352 775 ⁸683),
374 692 583 754 Theodosium
595 697 703 774 proelii
715 697 884 775 pericolum
897 697 998 774 ipsum
1012 693 1121 754 adiisse
1133 695 1259 754 eraden-

162 779 235 839 dum
251 789 308 838 est.
350 779 406 840 sed
418 791 539 861 poetam
553 779 735 840 adulationis
750 791 782 840 et
793 779 969 840 historicum
982 779 1114 838 invidiae
1128 784 1259 859 suspicio

161 867 281 945 premit.
319 863 358 924 de
370 864 555 944 Gmthungis
566 864 759 926 Theodosius
772 887 839 925 eum
853 863 981 924 Arosdio
994 865 1056 923 filio
1070 863 1259 944 triumphum

160 953 224 1028 egit
245 949 260 1029 (
268 947 344 1010 ldat.
358 963 388 1010 et
399 951 567 1011 Marcellin.
581 949 692 1011 chron.
707 951 747 1010 sd
761 971 788 1010 a.
802 949 900 1030 386),
923 962 953 1009 et
968 947 1017 1010 hio
1029 952 1107 1030 patri
1121 953 1153 1007 ἰιι
1168 949 1258 1009 huius

159 1037 300 1094 victoriae
314 1041 493 1096 memoriam
506 1037 593 1115 cpoli
604 1038 775 1096 columnam
788 1040 898 1117 posuit.
925 1034 988 1094 vid.
1008 1034 1128 1114 Gylliso
1139 1045 1258 1114 topogr.

66 1135 76 1154 ‘
157 1121 244 1200 cpol.
262 1119 283 1183 4
304 1125 336 1184 7.
377 1132 518 1181 monente
534 1122 651 1180 Ritteru
666 1123 746 1181 hello
762 1119 957 1200 Grothirrgioo
973 1119 1041 1178 data
1057 1121 1079 1178 l.
1093 1125 1134 1184 99
1150 1119 1188 1178 de
1200 1139 1258 1176 an-

156 1225 230 1264 non.
243 1216 273 1263 et
286 1208 355 1266 trib.
372 1203 470 1272 1.1t'3
487 1205 525 1265 de
542 1205 644 1266 deom.
659 1209 711 1266 ubi
725 1207 915 1269 Godofredus
937 1217 967 1264 et
986 1204 1082 1265 huius
1096 1205 1168 1263 belli
1189 1225 1258 1264 mer·

151 1293 289 1350 minerii.

241 1374 283 1434 ib.
306 1393 337 1433 v.
360 1375 411 1439 13.
453 1373 579 1454 Soythie
605 1373 681 1436 haee
706 1375 863 1436 Thraciae⁴
881 1377 1035 1457 provincia
1064 1375 1139 1450 mit,
1174 1372 1256 1455 qnod
1368 1445 1370 1452 γ

157 1463 249 1519 etiam
270 1481 310 1520 ex
330 1463 411 1518 Festi
430 1463 497 1518 Rufi
513 1463 661 1522 breviario
674 1484 701 1521 o.
716 1467 737 1526 9
755 1474 786 1522 el
799 1465 893 1522 Notio
910 1465 984 1542 imp.
1001 1463 1114 1521 crient.
1129 1469 1255 1520 constat.
1298 1511 1302 1532 ,

160 1543 271 1606 cedor.
316 1547 356 1603 ef.
372 1546 464 1609 ioht
486 1548 528 1613 10
543 1548 596 1605 lin.

241 1651 273 1709 p·
287 1621 350 1694 999
363 1649 393 1688 v.
409 1634 458 1693 20.
501 1631 565 1690 vid.
580 1633 634 1696 l.1
657 1652 684 1691 o.
699 1629 762 1691 Th.
779 1629 879 1690 dehis
895 1627 1254 1712 quisdeoolas.oonirrg.

156 1715 267 1773 Ruso.
311 1718 344 1772 in
354 1713 414 1774 hao
425 1713 463 1773 de
476 1718 619 1777 Gerontio
631 1720 801 1777 narratione
815 1717 852 1773 ab
865 1713 1018 1788 historiae,
1041 1731 1119 1794 quae
1131 1733 1179 1773 res
1191 1716 1253 1771 irn-

156 1803 233 1880 perii
250 1803 379 1858 Romani
400 1817 553 1879 exponere
570 1800 715 1878 debehat,
742 1801 890 1881 dignitate
914 1811 978 1860 tam
1000 1800 1116 1874 aliena,
1137 1801 1252 1858 Zosimi

155 1884 303 1943 iudicium
323 1897 354 1944 et
373 1897 467 1944 srtern
486 1885 651 1946 admodum
673 1886 824 1950 desidero.
866 1883 1154 1944 inanteaedentibus
1173 1904 1253 1942 non-

152 1971 240 2028 nulla
253 1974 309 2029 rix
322 1973 394 2030 satis
406 1990 558 2052 assequor.
579 1971 582 1977 ’
601 1975 648 2032 Η.
784 2012 786 2022 ·

238 2075 270 2135 p·
285 2059 348 2121 998
363 2077 393 2114 r.
408 2061 459 2121 21.
501 2057 683 2117 seditionem
693 2053 950 2118 Antiochensium
965 2053 1112 2114 ednobus
1129 2055 1255 2114 oratori·

153 2140 226 2216 bus,
247 2142 375 2200 Libonis
402 2151 432 2200 et
452 2145 496 2201 lo.
517 2141 747 2223 chrysostomo,
770 2145 823 2224 qui
836 2152 970 2220 tempore
985 2141 1140 2199 turbarum
1154 2151 1255 2199 mota-

153 2245 221 2285 rum
232 2229 351 2305 utrique
365 2228 398 2284 in
412 2229 487 2288 urbe
499 2241 672 2307 praesentes
687 2239 788 2302 erent,
810 2230 977 2306 expositam
990 2224 1146 2292 habemus.
1180 2226 1255 2286 suh-

154 2313 273 2370 iioiente
293 2313 411 2370 Ritteru
433 2312 473 2371 sd
493 2311 575 2372 huno
595 2315 698 2372 looum
722 2316 923 2394 pertinentes
940 2330 1017 2392 quae
1033 2312 1254 2370 exlohntio-

154 2383 292 2454 ohenoin
308 2399 453 2474 Excerpt.
471 2399 571 2456 Vsles.
587 2419 619 2477 p
630 2399 696 2466 s51
715 2401 753 2457 de
769 2395 943 2456 Theodosio
962 2400 1029 2456 lun.
1049 2407 1254 2469 reoenseutur,

152 2500 224 2538 oum
243 2479 282 2538 de
299 2483 414 2538 maiore
435 2483 554 2559 intellig
555 2481 631 2540 enda
656 2486 733 2556 sint·
761 2481 901 2540 videntur
926 2501 962 2540 ee
986 2501 1026 2539 ex
1048 2479 1252 2561 chrysostomi

152 2563 288 2624 homiliis
304 2565 342 2623 de
361 2566 475 2625 Statuis
494 2563 702 2646 desumpta,
692 2587 725 2624 ιιι
745 2585 874 2647 quarum
893 2585 953 2623 una
973 2567 1063 2645 plane
1079 2565 1185 2626 eadem
1200 2587 1254 2624 oo-

153 2653 244 2709 ourrit
257 2653 445 2729 imperatoris
459 2655 618 2710 sententis.
661 2651 701 2709 of.
719 2653 741 2709 l.
759 2669 812 2708 rm.
827 2649 861 2708 ff.
876 2653 944 2730 quis
957 2652 1062 2730 imper.
1080 2650 1251 2710 maledixit.

237 2756 268 2815 p·
285 2737 346 2800 994
363 2755 392 2792 v.
409 2739 441 2798 1.
482 2737 611 2795 missum
632 2756 697 2796 esse
719 2738 853 2816 aliquem
875 2737 1008 2814 cpolim,
1032 2737 1084 2815 qni
1099 2739 1176 2793 iram
1190 2738 1251 2793 im·

151 2822 297 2901 peratoris
319 2822 443 2894 leniret,
464 2825 606 2901 nuspiam
626 2825 659 2879 in
681 2824 815 2880 oratioue
835 2819 954 2879 Libanii
969 2821 1042 2900 (or.
1063 2818 1102 2883 14
1120 2842 1152 2900 p.
1166 2818 1250 2897 389)

150 2908 296 2984 legimus,
318 2901 373 2964 sed
384 2906 596 2965 llellebiohum
610 2917 640 2966 et
654 2909 827 2966 caesarium
840 2909 872 2964 in
885 2903 1040 2964 seditionis
1052 2916 1187 2966 auctores
1198 2908 1249 2962 1η·-
1324 2974 1329 2982 .
1414 2943 1420 2962 .

150 2994 271 3073 quirere
284 2993 381 3050 iussos
396 2994 515 3050 venisse
528 2989 722 3051 Antioohiam
734 3002 767 3050 et
781 3010 868 3050 sauss
881 2994 999 3069 cognita
1010 2993 1122 3050 noxios
1131 2994 1164 3050 in
1178 2993 1248 3048 vin-

150 3080 218 3136 eula
236 3073 377 3151 duxisse,
398 3077 507 3157 quihus
527 3077 629 3138 delioti
650 3097 725 3136 mox
747 3079 784 3136 ab
804 3080 984 3155 imperatore
1005 3074 1074 3134 data
1088 3079 1177 3134 uenia
1190 3084 1246 3134 est.

150 3175 282 3222 ueterum
297 3159 348 3220 hio
363 3163 448 3222 loous
459 3173 637 3240 argumento
653 3166 710 3222 erit
722 3164 889 3221 orationem
903 3163 990 3218 illam
1004 3162 1132 3234 Libanii,
1154 3181 1247 3242 quam

150 3251 203 3306 alii
223 3247 532 3306 irs-deolamstionnm
551 3267 679 3308 numero
696 3245 868 3327 ponendam
882 3249 1071 3319 existimant,
1092 3265 1111 3304 s
1125 3249 1247 3305 Zosimo

149 3353 203 3412 pro
218 3353 288 3391 vera
301 3345 404 3392 teman
418 3344 448 3392 et
461 3335 591 3412 genuina
606 3335 701 3392 luisse
713 3331 866 3406 habitarat
889 3334 944 3390 etsi
958 3343 1020 3390 tam
1033 3329 1150 3391 diversa
1164 3334 1246 3390 sLi-

148 3419 240 3476 banio
251 3418 359 3492 tradit,
381 3421 415 3477 rit
429 3436 497 3476 earn
510 3439 550 3476 ne
565 3420 733 3497 inspexisse
746 3417 869 3499 quidem
881 3416 1028 3476 videnlur.

233 3501 276 3559 io.
296 3523 325 3560 v.
341 3503 409 3565 1111Ι
434 3503 499 3562 sid.
521 3505 637 3563 comm.
659 3502 741 3561 adl.
765 3507 786 3566 3
806 3501 844 3560 de
866 3505 1011 3583 prostasis
1034 3511 1064 3560 st
1082 3511 1144 3562 not.
1168 3499 1189 3560 d
1208 3499 1248 3560 ad

148 3588 171 3646 l.
188 3585 230 3651 55
244 3585 284 3644 de
297 3585 398 3646 deonr.
419 3588 530 3646 Ram.
576 3591 615 3648 of.
631 3586 808 3648 Bohsonad.
822 3590 941 3667 Eunap.
958 3593 972 3649 1
987 3606 1018 3666 p.
1033 3587 1097 3652 655
1114 3585 1196 3646 med.

231 3671 273 3729 ib.
299 3691 330 3730 n.
354 3673 410 3736 15.
448 3677 685 3752 provinciarum,
718 3676 751 3732 in
772 3693 847 3754 quas
867 3671 964 3730 divisa
982 3673 1152 3732 Palaestina
1174 3682 1247 3746 erat,

145 3757 245 3835 prima
266 3758 445 3832 oorrsnlaris,
476 3759 608 3817 secunda
633 3771 665 3818 et
681 3761 769 3817 tertia
792 3757 986 3838 praesidiales
1007 3757 1139 3816 fuerunt.
1182 3755 1247 3816 rid.

145 3844 262 3901 Notit.
253 3844 373 3920 imperii
386 3846 433 3902 tit.
445 3846 466 3905 1
480 3863 511 3922 p
530 3847 612 3909 1626
628 3842 723 3903 Thes.
739 3845 848 3901 Graev.

165 3947 261 4006 p·
278 3931 341 3992 996
355 3947 385 3984 v.
403 3931 452 3990 18.
488 3927 531 4001 oie
544 3929 659 4006 εἴρηταί
672 3950 724 4009 μοι
735 3949 894 4007 προτερον
914 3944 944 3983 v.
936 3945 1035 4004 .s.upr
1026 3921 1064 3988 .4
1083 3924 1172 3988 191ιι.
1194 3925 1242 3987 II.

221 4017 382 4115 ,119911
399 4013 450 4076 19.
494 4012 716 4092 reprehendunt
728 4015 893 4085 Zosrmurn
916 4009 997 4091 quod
1010 4027 1110 4068 mores
1125 4018 1244 4068 conna-

144 4098 204 4155 rios
219 4099 252 4154 in
267 4095 375 4160 eadum
388 4094 511 4155 homine
522 4096 637 4171 tradat,
670 4102 783 4157 etenim
798 4095 1026 4169 Theodosium,
1049 4115 1118 4152 oum
1134 4092 1244 4152 adver-

22 4214 35 4244 ι
144 4201 195 4239 sus
219 4193 383 4260 tyrannum
405 4184 520 4242 oooulte
543 4183 657 4242 bellum
681 4194 827 4263 pararet,
847 4138 1039 4240 ambitiosum
1055 4191 1085 4238 et
1101 4181 1243 4254 slsorenr,

143 4263 195 4324 hie
207 4278 324 4345 autern,
351 4271 385 4326 in
398 4267 547 4329 vindictae
561 4268 725 4329 sumendae
740 4270 978 4350 opportunitate,
1006 4268 1150 4348 ignarum
1165 4274 1194 4324 et
1208 4269 1242 4324 u't
