3025 4892
245 274 328 383 176¹
725 310 876 379 zosim

346 482 381 555 3·
434 479 563 550 Τούτων
582 480 686 562 αἰετοῖς
703 480 783 549 οὕτω
799 484 1013 568 διακειμένων,
1038 479 1136 550 ἐδόκει
1150 487 1196 572 τῷ
1213 482 1353 549 otaun-

242 594 367 677 τινιανῷ
374 637 384 667 ,
407 588 568 676 ἀνελομένῳ
587 587 665 675 πρὸς
687 584 900 676 τδνάδελφδν
919 588 976 672 τὴν
987 586 1096 675 ἀρχήν,
1120 587 1352 672 ἐπιτρέψαιμεν

243 690 329 781 αὐτῷ
350 691 406 776 τήν
428 690 508 781 δρίαν
527 690 615 777 ἀχρις
636 688 799 777 Αἰγύπτου
817 694 869 757 καλ
888 694 1042 769 Βιθυνίας
1057 694 1108 757 καλ
1128 688 1265 782 Θρᾴκης,
1292 696 1350 755 λα-

241 792 338 876 βδντα
352 796 385 860 δέ
403 794 457 873 τιλς
474 798 507 860 ἐν
520 794 679 881 Ἰλλυριοῖς
696 792 799 871 πόλεις
815 794 910 861 edelr
931 796 974 873 εἰς
991 796 1047 879 τήν
1058 796 1191 861 Ἰταλίαν
1206 796 1351 877 διαβῆναι
1421 839 1424 843 -

241 900 293 963 καὶ
310 898 366 976 τάς
381 900 413 963 ἐν
425 896 522 985 ταύτῃ
540 895 642 974 πόλεις
659 897 737 981 ἐχειν
751 896 813 986 ἀφ’
834 896 936 988 ἐαυτῷ
950 899 1029 982 μετά
1045 906 1108 963 τῶν
1122 894 1199 985 δπέρ
1213 896 1375 974 τιλςἌλ-(ν

241 1026 307 1079 πεις
332 1004 433 1067 ἐθνῶν
449 1002 585 1090 Ἰβηρίας
600 1026 632 1067 τε
658 1005 708 1067 καί
730 1008 786 1086 τῆς
810 1005 1016 1089 Βρεττανικῆς
1034 1000 1129 1085 νήσου
1154 1004 1205 1065 καὶ
1223 999 1352 1084 Λιβύης

242 1102 374 1190 ἀπάσης.
425 1112 481 1191 τῆς
493 1086 705 1191 τοίνννιάρχῆς
719 1104 800 1171 οὕτω
814 1108 1039 1194 διαιρεθείσης,
1066 1102 1082 1170 δ
1100 1104 1352 1181 Οὐαλεντινιανδς

241 1210 479 1296 ἐμβριθέστερον
489 1216 527 1296 τῇ
537 1210 618 1296 ἀρχῇ
631 1210 813 1297 προσελθών
828 1208 981 1298 ἀρχοντάς
994 1236 1026 1275 τε
1038 1210 1071 1275 ἐν
1087 1206 1194 1297 κόσμῳ
1209 1216 1350 1294 προῆγεν,

241 1316 292 1377 καί
315 1316 382 1401 περὶ
399 1312 456 1391 τιλς
475 1310 646 1399 εἰσπράξας
663 1320 724 1377 τῶν
741 1316 893 1402 εἰσφορῶν
911 1317 963 1379 καί
985 1314 1043 1391 τιλς
1065 1314 1100 1379 ἐκ
1118 1310 1236 1378 τούτων
1250 1336 1350 1398 χορη-

241 1416 391 1501 γουμένας
416 1416 636 1503 στρατιωτικὰς
655 1414 788 1499 σιτήσεις
813 1418 1032 1504 ἀκριβέστατος
1056 1408 1103 1501 ῆν.
1165 1416 1229 1483 ἐπεὶ
1247 1416 1282 1480 δέ
1297 1418 1349 1480 καί
1360 1426 1394 1479 10

239 1516 343 1602 νόμων
365 1520 512 1608 εἰσροράς
533 1517 653 1605 ἐγνώκει
679 1518 889 1605 ποιήσασθαι,
918 1520 978 1609 ἀφ’
1006 1518 1108 1597 ἱστίας
1127 1518 1229 1606 ὥσπερ
1252 1516 1351 1606 ἀρξά-

240 1649 331 1706 μενος
348 1624 403 1701 τὰς
420 1623 596 1711 νυκτερινὰς
611 1622 721 1690 ἐκώλυε
739 1628 855 1702 θυσίας
874 1626 1095 1703 ἐπιτελεῖσθαι,
1120 1634 1184 1701 τοῖς
1202 1628 1351 1708 μυσαριός

242 1728 299 1811 μέν
324 1719 378 1797 οὖν
399 1730 617 1815 πραττομένοις
638 1730 781 1811 ἐμποδών
801 1728 853 1795 διὰ
873 1736 928 1794 τοῦ
946 1730 1065 1793 τοιοῦδε
1089 1724 1186 1808 νόμον
1208 1728 1351 1812 γενέσθαι

242 1829 445 1914 βουλόμενος·
474 1834 535 1898 ἐπεὶ
552 1834 585 1897 δέ
597 1829 854 1919 Πραιτεξτάτοςὸ
869 1839 925 1916 τῆς
935 1828 1084 1909 Ἑλλάδος
1098 1830 1155 1914 τῆν
1171 1827 1352 1895 ἀνθύπατον

244 1932 321 2018 ἐχων
341 1933 457 2023 ἀρχήν,
484 1934 560 2022 ἀνήρ
582 1938 614 1999 ἐν
641 1934 753 2013 πείσαις
777 1936 951 2022 διαπρέπων
979 1946 1048 2013 ταῖς
1074 1935 1215 2022 ἀρεταῖς,
1240 1940 1349 1999 τοῦτον
1358 1940 1392 1996 16

244 2036 303 2125 ἐφη
327 2038 381 2103 τὸν
401 2036 495 2120 νόμον
519 2040 651 2119 ἀβίωτον
675 2049 739 2115 τοῖς
755 2036 882 2123 Ἕλλησι
906 2037 1106 2123 καταστήσειν
1127 2038 1180 2103 τὸν
1203 2040 1274 2120 βίον
1280 2085 1290 2116 ,
1324 2040 1351 2102 εἰ

241 2144 380 2226 μέλλοιεν
391 2140 567 2207 κωλύεσθαι
585 2141 626 2205 sd
647 2144 812 2225 συνέχοντα
832 2141 867 2206 sd
888 2139 1082 2230 ἀνθρώπειον
1095 2142 1181 2227 γένος
1196 2138 1351 2226 ἁγιώτατα

240 2243 396 2332 μυστήρια
414 2244 494 2309 κατιλ
514 2244 633 2327 θεσμδν
650 2245 793 2327 ἐκτελεῖν,
819 2246 983 2333 ἐπέτρεψεν
1002 2245 1168 2333 ἀργοῦντος
1180 2251 1235 2309 τοῦ
1251 2241 1349 2326 νόμον

240 2347 433 2436 πράττεσθαι
457 2345 556 2413 πάντα
573 2347 653 2414 κατά
677 2348 717 2414 τὰ
738 2352 771 2427 ἐξ
787 2350 884 2437 ἀρχῆς
906 2347 1031 2437 πάτρια.
1081 2355 1144 2414 τῶν
1157 2348 1191 2413 δέ
1204 2344 1280 2434 δπέρ
1295 2346 1349 2413 τδν

235 2446 341 2533 Ῥῆνον
354 2449 535 2539 βαρβάρων,
561 2452 619 2529 ἕως
635 2454 691 2536 μέν
704 2452 875 2531 Ἰουλιανὸς
892 2460 1015 2541 περιῆν,
1034 2452 1069 2519 τδ
1076 2448 1235 2534 Ῥωμαίων
1250 2450 1392 2534 sinopem

237 2551 382 2619 δεδιότων
388 2604 398 2635 ,
426 2552 613 2640 ἀγαπώντων
633 2581 666 2622 τε
682 2558 709 2621 εἰ
728 2559 837 2641 μηδεὶς
859 2556 964 2633 αὐτοῖς
982 2557 1061 2622 κατὰ
1075 2553 1185 2643 χώραν
1204 2555 1349 2638 μένουσιν

236 2658 385 2744 ἐνοχλοίη,
411 2666 466 2743 τῆς
491 2656 602 2725 τούτου
624 2666 766 2745 τελευτῆς
786 2661 984 2747 ἀγγελθείσης
1003 2660 1217 2743 ἀπανέστησαν
1238 2656 1348 2723 αὖτίκα

236 2767 299 2828 τῶν
324 2765 442 2829 οἰκείων
460 2763 551 2848 ῆθεῦν
574 2764 626 2829 καί
647 2763 726 2853 πρδς
747 2764 802 2829 τὸν
822 2764 902 2831 κατὰ
916 2761 1076 2847 Ῥωμαίων
1089 2759 1347 2850 παρεσκευάζοντο

309 2942 344 2995 10
359 2936 555 3013 ἀκριβέστερος
571 2940 603 2996 h.
717 2943 750 2999 19
764 2940 1010 3015 ροείπράττευθαι
1020 2942 1197 2998 emacem
1207 2938 1250 3001 δέ.

308 3096 336 3151 θ.
370 3094 422 3150 His
440 3096 477 3151 ita
497 3096 655 3163 constitutis,
673 3096 756 3149 visum
772 3101 814 3150 est
833 3096 1026 3165 Valentiniano,
1042 3096 1126 3151 diviso
1141 3114 1197 3151 cam
1210 3096 1348 3152 iratreim-

239 3164 322 3257 perio,
341 3180 416 3216 curae
437 3164 537 3233 quidem
556 3166 624 3219 illius
647 3166 782 3219 Orientem
799 3165 833 3217 ad
851 3172 997 3236 Aegyptum
1014 3182 1097 3236 usque
1108 3166 1306 3235 Bithyniamque
1317 3184 1348 3219 ac

246 3234 378 3286 Threciam
391 3235 553 3303 permittere,
572 3253 600 3289 se
611 3252 673 3288 vero
686 3234 804 3287 sortitum
817 3234 935 3301 Illyricas
946 3238 1023 3288 urbes
1035 3236 1060 3289 iu
1073 3235 1171 3288 ltaliam
1184 3235 1294 3288 transire
1304 3244 1347 3286 at-

240 3320 291 3371 que
311 3304 387 3355 urbes
406 3304 431 3355 in
449 3320 479 3355 ea
491 3304 569 3368 sitas,
588 3321 638 3357 una
651 3322 706 3356 cum
717 3304 882 3373 transalpinis
893 3305 1039 3357 nationibus
1051 3313 1079 3356 et
1090 3304 1215 3373 Hispania
1228 3312 1255 3357 at
1265 3303 1347 3358 maula

239 3370 373 3423 Britannia
384 3380 491 3440 totaque
505 3374 600 3441 Africa,
615 3372 663 3424 iuri
674 3390 720 3426 suo
732 3390 876 3426 reservare.
909 3374 991 3426 diviso
1003 3374 1029 3425 in
1040 3374 1108 3425 hunc
1119 3374 1221 3426 modum
1232 3372 1348 3441 imperio,

239 3438 435 3492 Valentinianus
453 3449 561 3509 occepta
579 3442 694 3494 severius
708 3444 896 3510 gubernatione
910 3442 1074 3508 magistratus
1085 3450 1158 3495 recte
1169 3449 1248 3512 atque
1258 3440 1347 3493 ordine

237 3506 424 3572 constituebat,
443 3516 470 3561 et
488 3508 513 3560 in
526 3510 700 3563 exactionibus
712 3514 864 3565 tributorum
880 3528 911 3563 ee
923 3510 1074 3563 militaribus
1090 3512 1198 3563 annonis
1209 3527 1276 3581 qnae
1286 3510 1347 3563 iada

235 3578 486 3647 suppeditabantur,
510 3579 673 3646 rigidissimus
691 3588 754 3633 erat.
791 3590 820 3633 et
835 3581 895 3649 quia
908 3580 993 3648 legum
1007 3597 1110 3649 quoque
1128 3579 1346 3649 promulgationes

237 3646 372 3701 irretituere
384 3646 554 3712 decreverat,
572 3666 680 3701 exorsus
691 3650 724 3701 ab
737 3650 792 3719 ipso
805 3649 870 3714 lare,
888 3651 955 3718 quod
969 3649 1048 3718 aiunt,
1065 3656 1193 3701 nocturna
1205 3666 1279 3703 sacra
1291 3646 1349 3701 lieri

238 3716 382 3787 prohibuit,
402 3734 451 3785 qua
470 3718 527 3786 lege
545 3734 665 3771 coercere
683 3717 789 3771 volebat
800 3736 832 3771 ea
843 3736 909 3786 quae
921 3718 1048 3771 scelerate
1060 3718 1267 3788 designarentur.
1302 3716 1349 3769 sed

239 3804 295 3839 cum
307 3787 507 3851 Praetextatus,
525 3788 569 3855 qui
581 3788 733 3855 proconsule
745 3787 880 3839 Graeciam
893 3786 1101 3855 administrabat,
1119 3788 1159 3840 vir
1171 3787 1238 3841 omni
1251 3786 1348 3839 virtute

237 3866 386 3927 praestans,
404 3856 469 3909 hanc
489 3856 570 3925 legem
589 3856 688 3909 diceret
706 3856 785 3908 vitam
804 3856 965 3909 iniucundum
984 3866 1012 3909 et
1022 3859 1142 3911 acerbam
1153 3857 1223 3909 victu
1238 3854 1348 3908 Graecis

237 3927 393 3995 parituram,
412 3926 434 3979 si
449 3926 559 3977 laturum
579 3934 647 3976 esset
666 3932 694 3977 ut
711 3925 832 3989 mysteria
849 3927 1024 3990 sanctissima,
1042 3944 1109 3996 quae
1120 3943 1202 3995 genus
1214 3928 1348 3978 humanum

228 3998 406 4057 ¹continerent,
430 3996 635 4065 prohiberentur,
653 3994 742 4063 peragi
761 4012 792 4046 ea
810 3994 868 4059 rite,
885 3996 912 4047 vi
927 3996 991 4064 legis
1005 4014 1069 4049 suae
1082 4004 1207 4058 cessante,
1225 3993 1348 4063 permisit,

238 4064 275 4117 ite
288 4073 370 4117 temen
383 4074 412 4117 ut
423 4066 504 4117 omrria
515 4064 652 4116 secundum
663 4062 773 4131 patritus
784 4064 988 4131 consuetudines,
1001 4067 1089 4135 quales
1098 4066 1131 4117 ab
1142 4064 1214 4116 initio
1226 4064 1345 4126 luissent,

239 4136 433 4203 perficerentur.
474 4132 648 4185 transrhenani
668 4148 731 4183 vero
751 4132 862 4197 barbari,
880 4133 1016 4203 quiquam
1034 4134 1077 4186 diu
1092 4134 1201 4185 lulianus
1212 4138 1344 4199 superstas

240 4212 315 4267 erat,
334 4221 424 4256 nomen
444 4202 584 4255 Romanum
604 4200 767 4265 metuebant,
784 4210 810 4253 et
823 4212 865 4256 sat
876 4205 1005 4256 habehant
1015 4203 1037 4255 si
1046 4220 1119 4255 nemo
1131 4201 1191 4271 quid
1203 4201 1240 4253 eis
1251 4200 1276 4251 in
1288 4198 1345 4251 solo

239 4271 487 4355 sueuquiescantibus
500 4272 633 4325 exhiberet
650 4270 795 4337 molestiae,
814 4281 896 4325 morte
915 4272 1003 4324 loliani
1021 4272 1136 4325 nuntiata
1154 4268 1207 4323 auis
1223 4266 1345 4321 continuo

239 4340 342 4399 aedibus
362 4342 460 4415 egram
478 4342 513 4398 ad
530 4340 669 4412 gerendum
690 4348 781 4395 conus
798 4342 928 4398 Romanoa
943 4339 1036 4398 bellam
1051 4356 1109 4397 scae
1126 4338 1260 4413 paratim.
1293 4352 1346 4409 qao
