3025 4892
257 265 385 318 xxxam
667 247 938 330 mmmmm

343 429 519 494 Omissiouis
545 427 755 494 fraudulentae
783 434 920 514 culpam,
949 431 1035 495 cuius
1061 453 1129 498 ram
1150 429 1263 494 indicia
1283 453 1350 496 asae

258 545 386 614 possunt
405 538 478 598 satis
498 549 577 600 certa
600 537 640 599 ad
661 536 899 601 convincendum
911 538 1103 617 scrIptorem,
1125 555 1145 594 a
1157 539 1280 597 zosimo
1294 537 1352 595 ab·

260 656 416 700 esse-cum
436 641 505 700 aliis
526 649 593 700 bun
611 643 803 722 potissimum
824 660 860 699 eu
877 640 1035 720 probatur,
1063 635 1146 720 quod
1166 636 1352 698 Christiano-

260 759 327 800 rum
346 743 469 802 simules
489 752 520 801 et
537 745 688 822 praeclare
708 745 788 802 facta
801 763 864 802 non
876 743 1034 820 praeterit,
1057 751 1087 800 et
1100 760 1178 822 quae
1193 739 1233 800 ad
1247 761 1352 820 repra-

107 865 137 919 p.
154 862 247 901 xxxin
263 839 440 903 hensionem
456 843 566 905 idonea
585 857 687 922 erant,
707 847 831 906 consilio
843 863 1059 925 nonnunquam
1073 845 1208 904 omisisse
1223 840 1353 903 videtur.

257 953 297 1002 ‘ut
307 955 408 1006 autem
421 947 657 1010 tuenentbabne
667 959 768 1027 pateat
779 967 841 1007 non
856 947 1000 1024 religione
1014 957 1203 1006 occaecatum
1217 947 1353 1004 nnhnum

262 1046 377 1107 Zosimi
395 1048 505 1126 fuisse,
525 1049 668 1110 monendi
687 1060 804 1108 tantum
823 1067 927 1109 suanus
942 1068 1014 1108 eum
1023 1068 1086 1108 non
1097 1047 1188 1108 modo
1200 1067 1270 1106 cum
1280 1067 1354 1106 can-

264 1145 335 1208 dore
350 1151 461 1210 referre
476 1161 554 1212 recte
572 1170 606 1210 ac
621 1153 772 1232 praeclare
784 1151 880 1227 suom,
900 1150 956 1212 sed
973 1150 1115 1210 laudibus
1130 1153 1223 1210 etiam
1237 1169 1356 1209 ornare.

261 1248 297 1310 id
318 1257 454 1333 quamvis
475 1256 509 1314 iu
532 1255 665 1335 qualibet
680 1252 822 1314 historiae
837 1264 921 1334 parte
936 1255 1013 1314 etin
1025 1255 1108 1314 omni
1121 1251 1283 1314 Christiani
1303 1261 1355 1312 aut

264 1353 452 1434 imperatoris
465 1366 516 1417 aut
529 1355 612 1417 ducis
626 1358 688 1417 vita
700 1359 892 1438 perspicuum
906 1357 962 1432 sit,
982 1358 1117 1414 maxime
1128 1366 1231 1415 tamen
1241 1357 1275 1414 in
1290 1355 1356 1416 sti-

264 1453 391 1516 lichonis
404 1456 515 1519 iudicio
530 1459 637 1536 elucet,
659 1480 750 1541 quem
762 1478 824 1519 non
835 1461 981 1539 Eutropii,
1001 1458 1206 1534 infestissimi,
1226 1468 1262 1515 ut
1270 1453 1356 1516 Pho·

266 1559 325 1620 tius
347 1569 486 1637 testatan,
514 1563 547 1620 in
570 1560 744 1622 Stilichonis
764 1555 880 1620 famam
900 1562 1068 1640 scriptoris,
1093 1580 1178 1620 more
1203 1558 1357 1636 dilacerat,

212 1679 214 1683 ’
266 1659 320 1719 sed
338 1662 441 1722 relicto
462 1685 498 1724 eo
515 1668 688 1725 auctoritate
707 1662 913 1745 olympiodori
924 1665 975 1724 vel
986 1674 1087 1722 contra
1100 1663 1257 1740 uulgarem
1267 1659 1357 1722 clui-

267 1765 448 1842 stianorum,
470 1767 522 1847 qui
535 1765 665 1826 affectati
676 1768 760 1846 regni
773 1788 844 1826 eum
857 1765 1030 1845 arguebant,
1052 1765 1290 1824 criminationem
1301 1761 1357 1822 de-

267 1865 381 1942 fendit,
403 1877 433 1926 et
455 1867 591 1926 similiter
611 1869 756 1928 Serenam
778 1888 907 1928 uxorem
925 1869 989 1925 eius
1006 1885 1024 1924 a
1041 1867 1163 1926 arnume
1181 1864 1358 1946 proditionis

267 1970 300 2026 in
323 1989 391 2028 eam
412 1971 545 2028 coniecto
568 1978 599 2028 et
619 1972 724 2029 mortis
742 1989 832 2030 causa
856 1971 936 2028 facto
956 1967 1075 2029 disertis
1093 1970 1193 2030 verbis
1215 1967 1358 2045 vindicat,

268 2089 440 2150 quanquam
466 2081 627 2152 utrumque
651 2083 681 2132 et
708 2070 906 2133 Stilichonem
927 2081 960 2130 et
975 2071 1121 2130 Serenam
1140 2073 1302 2151 impietatis
1323 2073 1359 2130 in

268 2169 340 2231 deos
364 2191 432 2230 omn
451 2172 655 2253 indignatione
676 2176 770 2234 animi
789 2176 924 2251 incusat,
946 2186 976 2234 et
996 2171 1122 2233 deorum
1138 2175 1184 2232 ira
1200 2175 1297 2232 fatum
1314 2174 1360 2232 eis

268 2277 352 2335 triste
369 2278 475 2336 merito
498 2278 694 2336 acceleratum
715 2278 885 2336 arbitratur.
928 2296 1020 2360 quam
1042 2277 1182 2335 Zosimus
1200 2277 1359 2356 aequitatis

269 2377 370 2456 legem
387 2397 456 2438 omn
475 2389 631 2459 sequatur,
654 2377 728 2459 quid
740 2388 847 2459 potest
863 2398 928 2439 esse
942 2374 982 2437 ad
994 2376 1088 2436 tidem
1099 2380 1129 2437 ei
1143 2377 1361 2438 conciliandam

270 2478 412 2559 gravissi
454 2482 586 2561 profacto
602 2482 721 2540 mnatio
738 2482 874 2540 animum
886 2481 983 2557 subit,
1007 2501 1077 2540 cum
1091 2502 1177 2558 aum,
1198 2499 1290 2562 quem
1305 2500 1362 2540 ve·

269 2584 365 2642 uitatis
380 2593 410 2642 et
422 2586 580 2665 aequitatis
590 2593 655 2644 tam
666 2583 847 2660 studiosum,
870 2583 907 2642 ab
919 2581 1035 2643 inuidia
1045 2585 1178 2644 dunum
1189 2583 1362 2652 certissimis

269 2684 388 2745 indiciis
411 2688 620 2765 cognovimus,
642 2697 706 2745 tom
723 2688 836 2769 iniquis
853 2684 1012 2746 hominnm
1027 2686 1147 2747 iudiciis
1163 2688 1260 2767 premi
1274 2683 1362 2744 vide·

269 2808 348 2848 mus.
392 2807 469 2868 quae
483 2789 605 2848 tandem
616 2801 686 2850 sunt
697 2791 768 2849 illae
779 2809 826 2848 res
838 2808 913 2869 quas
923 2801 1109 2850 commentus
1122 2800 1168 2850 est
1180 2793 1213 2848 in
1223 2785 1363 2848 fraudem

271 2889 508 2951 Christianorum
527 2901 557 2950 et
577 2893 610 2950 iu
628 2889 752 2952 landem
772 2889 917 2953 suorum?
958 2892 1083 2952 ubinam
1098 2903 1169 2953 sunt
1183 2895 1217 2950 iu
1231 2892 1296 2950 eius
1310 2886 1362 2946 hi-

272 2995 364 3052 storia
379 2995 433 3052 illa
449 2994 541 3054 verba
555 3006 607 3053 aut
621 2995 700 3054 iacta
712 2995 790 3054 salso
805 3004 835 3052 et
847 3004 960 3055 temere
974 2992 1121 3054 conficta?
1162 2992 1264 3052 dicent
1279 2989 1364 3050 haud

272 3091 455 3154 haesitantes
468 3096 740 3158 inconstantinam
754 3097 851 3155 multa
864 3115 928 3156 esse
941 3096 1051 3154 infesto
1068 3097 1168 3154 animo
1183 3094 1362 3170 excogitata,

273 3199 476 3256 conversionis
502 3197 542 3258 ad
564 3197 731 3257 Christiana
750 3216 836 3256 sacra
853 3199 1001 3256 rationem
1013 3197 1134 3255 fabulae
1146 3196 1278 3275 speciem
1291 3213 1365 3274 praa

274 3318 307 3356 se
322 3297 414 3371 ferre,
436 3299 570 3358 instituta
585 3303 629 3358 rei
643 3299 780 3359 militaris
794 3299 921 3358 exitiosa
933 3301 1058 3380 imperio
1069 3309 1106 3358 ‘et
1116 3299 1295 3358 tributorum
1306 3317 1365 3358 ex·

270 3402 406 3459 senones
424 3419 529 3478 graves
549 3422 614 3462 esse
633 3401 861 3482 improbabiles,
884 3411 915 3462 et
935 3412 969 3461 nt
983 3402 1093 3462 iuliani
1106 3399 1214 3461 laudes
1229 3418 1365 3479 exagge-

275 3512 338 3561 rata
360 3505 493 3562 oratioue
513 3503 700 3584 praedicatae
717 3514 803 3579 sunt,
822 3505 866 3564 ita
882 3505 915 3563 in
934 3501 1123 3580 Theodosio,
1142 3507 1170 3564 si
1184 3504 1259 3563 alios
1272 3520 1365 3583 quam

272 3607 430 3664 zosimum
447 3606 576 3665 velimus
597 3605 700 3666 audire
723 3616 831 3679 testes,
849 3609 951 3667 omerio
968 3609 1029 3666 alia
1046 3626 1137 3688 quam
1150 3607 1302 3684 ignaviam
1313 3604 1365 3662 ln-

270 3710 392 3767 xuriem
409 3719 439 3767 et
453 3729 553 3768 rerum
563 3709 751 3789 publicarum
761 3710 909 3768 incuriam
922 3709 1028 3769 fauisse.
1068 3706 1144 3770 haec
1156 3719 1203 3769 cst
1216 3706 1366 3766 cantilena

271 3814 359 3872 toties
379 3813 413 3870 in
430 3814 586 3872 zosimum
601 3811 774 3887 decantata,
797 3821 828 3870 et
841 3812 869 3871 si
882 3830 1062 3891 quaeramus
1077 3813 1187 3893 quibua
1200 3807 1366 3868 rationibus

273 3915 347 3974 istae
363 3916 503 3995 querelae
517 3917 666 3990 nitantur,
688 3923 808 3994 praeter
819 3915 997 3994 scriptorum
1009 3913 1199 3994 quorundam
1211 3911 1365 3992 qualiann-

273 4037 391 4100 cnnque
405 4019 574 4078 testimonia
590 4019 710 4077 Zosimo
726 4016 931 4092 adversantia,
951 4018 1106 4076 silentium
1120 4018 1248 4076 alionum
1261 4021 1365 4070 aucto-

272 4139 341 4177 rum
361 4131 543 4196 memorant,
565 4141 624 4202 quo
646 4122 776 4180 convelli
797 4121 912 4180 Zosimi
933 4123 1134 4179 narrationem
1150 4136 1239 4197 posse
1257 4114 1367 4174 existi·

123 4248 150 4300 p.
170 4244 259 4284 κων
277 4231 371 4282 mant.
415 4243 453 4282 ne
465 4221 517 4284 hio
530 4220 568 4283 de
583 4225 714 4302 testinan,
737 4221 778 4284 ad
792 4243 868 4306 qum
881 4233 1054 4303 provocant,
1073 4222 1195 4283 levitate
1206 4218 1369 4301 quicquam
