3025 4892
214 247 289 323 214
694 250 845 321 zostnss

213 429 359 510 γεωργοῖς
378 421 434 507 την
456 420 490 489 ἐκ
512 426 569 507 τῆς
589 426 646 509 γῆς
658 422 830 509 ἐπιμέλειαν
841 424 892 491 καί
905 420 1077 509 ὐποζυγίυες
1093 423 1146 489 καὶ
1157 418 1319 511 θρίμμασι

214 528 311 611 νομὴν
326 526 456 616 ἄφοβον.

103 660 129 703 a
146 646 199 703 888
319 628 379 697 35.
426 626 464 695 ‘O
491 628 548 711 μέν
579 619 634 695 οὐν
658 629 806 711 βασιλεὺς
828 624 995 704 Θεοδόσιος
1026 627 1108 695 orirer
1131 653 1198 704 πως
1219 624 1321 704 ἔδοξεν

214 736 327 799 ἐᾶσθαι
349 733 389 797 τά
410 730 625 816 ἐλαττώματα·
662 731 839 819 Πρόμαιτος
865 732 900 797 δέ
927 728 945 796 ὅ
970 732 1141 819 στρατηγός
1157 737 1220 797 τῶν
1240 730 1321 795 κατὰ

219 832 346 925 Θρᾴκην
359 837 456 914 πεζῶν
475 834 635 923 Οέδοθέηι,
661 834 792 919 δύναμιν
809 831 1007 919 συναγαγόντι
1020 839 1162 917 πλείστην
1175 833 1212 899 αὐ
1226 831 1347 916 μόνανὸ

216 941 251 1033 ἐκ
266 944 326 1003 τῶν
333 936 443 1027 Ἴστρῳ
457 940 628 1025 προσοίκων
643 939 743 1005 ἐθνῶν
757 940 837 1005 ἀλλὰ
851 941 902 1003 καί
917 944 978 1004 τῶν
991 937 1180 1025 πορρωτάτω
1193 962 1254 1002 που
1269 938 1321 1001 καί

217 1037 382 1125 ἀγνώστων
387 1088 398 1119 ,
423 1043 474 1105 καί
492 1038 652 1107 ἐπελθόντι
668 1050 797 1133 στρατιᾷ
813 1044 865 1107 καί
883 1043 1092 1128 περαιουμένῳ
1107 1041 1161 1107 τόν
1173 1037 1321 1122 ποταμόν,

218 1142 396 1227 ἀπαντήσας
410 1146 484 1230 πεζῇ
498 1168 530 1208 τε
541 1146 592 1207 καί
606 1148 770 1227 ποταμίαις
784 1147 873 1210 ναυσὶ
893 1150 1040 1210 τοσοῦτον
1052 1142 1214 1230 εἰργάσατο
1227 1141 1322 1230 φόνον

218 1246 297 1311 ὥστε
311 1249 362 1311 καί
381 1246 434 1313 τὸν
449 1247 587 1329 ποταμόν
601 1254 779 1331 πλησθῆναι
795 1254 909 1334 νεκρῶν
923 1250 975 1312 καί
990 1248 1063 1324 τούς
1077 1248 1110 1312 ἐν
1122 1254 1162 1334 γῇ
1175 1244 1324 1323 πεσόντας

218 1349 263 1432 μὴ
280 1348 394 1439 ῥηιδίως
405 1349 633 1436 ὐριθμηθῆναι.
670 1358 732 1417 τών
746 1353 782 1417 δέ
796 1352 876 1416 κατὰ
896 1350 1023 1440 Θρᾴκην
1037 1350 1069 1416 ἐν
1083 1350 1203 1426 ταόταις
1218 1348 1322 1426 ὄντων,
1332 1360 1367 1413 10

220 1452 257 1517 οὐ
278 1452 402 1539 μέτριοί
422 1477 515 1531 τινες,
546 1453 619 1519 οὐδέ
638 1450 700 1519 οίαι
721 1457 879 1542 διαφέρειν
901 1452 1048 1532 εὐκόλως,
1079 1454 1134 1519 τόν
1153 1455 1184 1516 Γ
1181 1453 1324 1540 ρατισνδν

219 1554 409 1640 περιίσταντο
426 1553 525 1638 τάχαι.
576 1568 641 1634 τοῖς
660 1558 720 1646 γὰρ
741 1561 810 1647 περὶ
824 1558 879 1642 τὴν
896 1556 993 1640 αὐλὴν
1005 1557 1046 1621 τά
1060 1563 1122 1622 τῶν
1136 1552 1325 1643 αὐτοκρατό·

220 1683 284 1743 ρων
300 1656 365 1740 ἤθη
383 1660 574 1747 διαφθείρειν
591 1659 719 1727 είιυθόσι
737 1660 938 1744 πειθόμενος,
963 1658 1108 1738 Ἀλανούς
1127 1684 1213 1737 τινας
1233 1658 1325 1726 αὐτο-

218 1759 336 1846 μόλους
355 1760 517 1843 δεξάμενος
538 1766 589 1826 καί
612 1776 769 1851 στρατιαῖς
789 1766 992 1849 ἐγκαταλέξας
1013 1766 1145 1851 δωρεαῖς
1163 1788 1196 1829 τε
1216 1760 1327 1849 άδραῖς

221 1865 310 1945 ἐτίμα
331 1866 382 1927 καί
400 1870 531 1951 θαρρεῖν
550 1866 635 1947 ἠξίου
659 1868 698 1933 τὰ
721 1866 843 1933 πάντων
858 1864 1100 1951 ἀναγκαιότατα,
1131 1872 1325 1951 στρατιωτῶν
1334 1868 1367 1925 1⁵

222 1964 313 2051 λόγον
326 1965 436 2033 οὐδένα
451 1966 639 2049 ποιούμενος.
678 1977 769 2035 τοῦτο
783 1981 846 2046 τοῖς
859 1968 1061 2055 στρατιώταις
1073 1970 1152 2035 κατὰ
1165 1976 1221 2035 τοῦ
1233 1976 1326 2052 βασι-

223 2068 299 2145 λέως
315 2068 395 2133 ίτεκε
408 2080 516 2153 μῖσος,
544 2070 617 2157 ὅπερ
639 2068 871 2159 ὐποτυφόμενον
892 2074 972 2137 κατά
994 2074 1098 2160 βραχύ
1121 2076 1172 2137 καὶ
1195 2070 1327 2151 αὐξανό·
1410 2136 1416 2153 ,

222 2195 314 2255 μενον
333 2176 376 2247 είς
392 2173 544 2259 νεωτέρων
566 2174 753 2261 πραγμάτων
774 2178 890 2258 ἐκίνησε
911 2176 984 2252 τούς
1008 2175 1198 2262 στρατιώτας
1215 2178 1326 2241 ἐπιθυ-

222 2276 307 2357 μίαν,
332 2272 404 2352 τούς
425 2300 458 2339 τε
478 2274 589 2354 ἄλλους
612 2280 662 2341 καί
688 2277 760 2343 κατ’
778 2281 931 2365 ἐξαίρετον
946 2279 1019 2355 τούς
1033 2290 1101 2355 ταῖς
1115 2282 1328 2365 Βρεττανικαῖς

222 2375 327 2459 νήσοις
348 2378 560 2462 ἐνιδρυμέναυς
579 2376 630 2445 οἷα
645 2387 706 2447 τῶν
720 2380 823 2446 ἄλλων
843 2380 984 2447 ἁπάντων
998 2383 1089 2446 πλέον
1104 2382 1258 2469 αὐθαδείᾳ
1275 2384 1370 2446 mito

222 2485 317 2566 θυμῷ
334 2483 524 2563 νικωμένους.
577 2484 664 2549 ἐκίνει
686 2485 720 2549 δέ
743 2485 822 2571 πρός
842 2493 932 2550 τοῦτο
948 2484 1040 2549 πλέον
1051 2483 1164 2561 αὐτοὺς
1178 2482 1328 2566 Μάξιμος

215 2580 305 2670 Ἵβηρ
319 2583 353 2649 τὸ
367 2585 461 2679 γίνοςς
478 2584 633 2675 Θεοδοσίρι
646 2593 690 2677 τῷ
702 2592 828 2671 βασιλεῖ
837 2588 915 2654 κατὰ
930 2587 987 2669 την
993 2590 1180 2675 Βρεττανίαν
1191 2612 1328 2674 συστρα-

292 2776 504 2903 ρέῖὲιῖρορίαῐρςῐο
527 2775 684 2849 Πρόμοτος.
788 2780 805 2837 5
823 2779 963 2835 Claudiano
981 2779 1121 2835 odom.
1226 2782 1261 2837 16
1278 2776 1327 2835 οὐ·

224 3024 368 3091 temporum
378 3018 496 3089 recipere
508 3058 515 3073 .
529 3060 535 3073 .
549 3023 596 3074 ‚et
606 3018 725 3089 agricolis
735 3018 934 3075 exereeniarnn
945 3036 1082 3093 sperarum
1094 3034 1210 3084 sssrnsn,
1229 3016 1327 3072 innen-

225 3089 262 3141 tis
272 3106 304 3141 ac
316 3090 450 3159 pecoribus
461 3090 534 3142 liberi
545 3099 635 3172 pestus
646 3090 720 3159 copia
732 3090 826 3142 redire.

294 3158 338 3212 85.
373 3162 411 3210 Λα
422 3158 583 3211 Theodosius
618 3159 701 3211 uideas
719 3160 859 3228 imperator
877 3158 905 3211 in
923 3159 991 3212 hune
1005 3156 1105 3211 modurn
1123 3156 1237 3226 aeeaptis
1248 3154 1327 3209 detri-

225 3226 317 3279 mentis
328 3226 423 3280 mederi
435 3227 505 3279 visus
516 3235 565 3280 est.
600 3178 622 3279 ἐ

225 3296 330 3361 strinm,
355 3295 507 3358 Oenotheo,
532 3296 576 3377 qui
593 3296 726 3349 maximum
743 3298 898 3364 exercituin,
922 3314 972 3349 nan
983 3297 1016 3348 de
1027 3295 1085 3348 istri
1096 3294 1222 3347 duntaxat
1232 3294 1328 3346 aecoiis

225 3379 314 3417 verum
327 3364 402 3417 etiam
413 3364 447 3416 de
459 3364 633 3417 remotissimis
644 3374 670 3418 et
680 3365 776 3433 ignotis
786 3366 906 3433 gentibus
917 3366 1067 3432 eollegerat,
1083 3364 1185 3431 iamque
1196 3380 1252 3416 curn
1263 3364 1327 3415 miii·

224 3434 294 3485 tibus
305 3432 357 3486 suis
369 3432 458 3485 aderat
469 3443 496 3485 et
507 3444 604 3485 amnem
617 3435 823 3495 transmittebat.
848 3452 903 3487 enas
914 3434 1081 3487 terrestribus
1091 3434 1171 3503 copiis
1183 3442 1211 3486 et
1220 3432 1328 3500 navigiis

224 3501 371 3554 fluvialibus
383 3516 530 3570 occurrens,
547 3510 644 3555 tantam
659 3504 762 3555 easdem
774 3502 855 3555 edidit
864 3512 894 3555 ut
904 3509 932 3555 et
942 3503 1024 3572 ipsum
1035 3502 1131 3555 tinsnen
1139 3503 1241 3572 pienum
1252 3502 1329 3553 eada-

224 3569 329 3623 veribus
342 3581 412 3624 esset
423 3578 449 3622 et
460 3570 487 3623 in
499 3578 570 3625 terra
580 3572 648 3623 eaesi
660 3588 710 3625 non
723 3573 801 3625 facila
811 3572 935 3624 numerari
950 3579 1064 3641 possent.
1101 3588 1157 3624 cuns
1175 3572 1224 3623 hoe
1242 3575 1330 3622 essent

224 3640 252 3691 in
262 3646 331 3691 statu
345 3655 386 3692 res
397 3638 542 3709 Thraciae,
567 3658 618 3693 non
639 3640 778 3694 medioeres
795 3656 841 3693 nec
858 3641 959 3708 digestu
976 3642 1066 3696 faciles
1079 3640 1234 3692 Gratianum
1254 3652 1329 3689 αιτιοι

225 3707 432 3762 circumstabant
468 3726 524 3763 narn
543 3709 575 3763 iis
591 3712 773 3781 obtemperans
790 3710 833 3778 qni
852 3709 990 3779 principun
1007 3726 1091 3761 nsores
1101 3710 1128 3761 in
1138 3708 1202 3761 auiis
1214 3722 1329 3759 correns·

222 3792 289 3848 pere
299 3776 398 3839 solent,
416 3779 511 3833 Alanos
521 3779 642 3849 qnondam
655 3780 800 3846 transfugas
811 3786 946 3847 surreptor
956 3786 983 3831 et
993 3778 1099 3831 militum
1112 3777 1220 3830 numeris
1230 3774 1329 3828 adseri-

225 3852 285 3915 ptns
296 3845 444 3899 muneribus
454 3848 531 3915 largis
544 3850 742 3912 cohonestabat‚
769 3848 885 3916 antique
895 3847 1007 3899 sedebat
1018 3857 1046 3899 nt
1058 3848 1096 3899 eis
1108 3845 1208 3899 maximi
1220 3862 1263 3897 ras
1273 3860 1329 3895 nso·

225 3916 304 3967 menti
316 3915 451 3981 erederet,
481 3917 550 3969 nulia
561 3918 659 3971 ratione
670 3932 772 3969 tuorum
782 3915 886 3969 miiitum
898 3918 994 3969 habita.
1031 3916 1148 3985 pariebat
1159 3917 1207 3966 hnc
1218 3914 1329 3983 inpers-

145 4012 150 4022 ·
225 3984 301 4035 toria
323 3984 356 4036 nd
369 3985 462 4038 milites
473 3986 574 4048 odium
588 3986 655 4055 quod
668 3987 790 4056 pauiaties
802 4001 949 4038 succensum
962 3992 989 4039 et
999 3994 1101 4038 suanm
1113 3984 1144 4035 ad
1156 3998 1241 4049 return
1249 3998 1330 4036 nova·

225 4068 280 4105 rum
292 4053 308 4105 Ιι
328 4054 419 4106 idinesn
432 4055 545 4124 perpulit
555 4072 610 4108 enm
622 4055 688 4109 aiios
699 4056 791 4107 milites
806 4062 860 4107 tnsn
874 4055 915 4110 vel
928 4056 1034 4109 maxime
1046 4052 1196 4107 Britannicis
1206 4052 1232 4104 in
1243 4050 1329 4102 inaniis

226 4122 395 4188 constitutos,
420 4124 509 4191 utqui
528 4125 608 4191 tnagis
628 4124 803 4177 contumaciae
820 4131 849 4176 et
858 4122 1005 4176 iracundias
1015 4139 1090 4192 qnam
1101 4122 1181 4173 eeteri
1193 4136 1279 4171 onnes
1289 4119 1330 4170 in-

225 4188 370 4273 dulgerent.
405 4190 530 4245 incitabat
540 4194 616 4246 etiarn
628 4193 709 4260 magis
720 4208 764 4244 eos
775 4192 909 4255 Maximus,
920 4194 1050 4261 Hispanus
1061 4191 1172 4253 natione,
1185 4189 1229 4257 qni
1240 4186 1329 4239 Tisae-

225 4256 289 4311 doni
301 4258 425 4333 principis
435 4260 463 4315 in
473 4260 611 4315 Britannia
619 4261 756 4315 commilito
771 4261 863 4315 iuuat.
898 4260 921 4314 is
938 4260 1092 4331 permoleste
1107 4260 1194 4313 ferens
1205 4254 1331 4309 Theode-

625 3234 737 3281 remotus
747 3235 847 3288 anum.
873 3227 926 3280 dux
936 3228 1067 3298 copiarum
1085 3228 1112 3278 in
1122 3226 1235 3278 Thracia
1249 3224 1329 3293 pede·
