3025 4892
293 297 371 371 880
534 295 982 376 .’ΒΗΤΕΜΕ1ΕΒῙ

292 465 366 527 dam
381 485 447 526 non
465 474 610 545 magnam
631 460 743 525 habens
765 469 864 544 potest
882 465 1058 526 utilitatem.
1091 471 1204 525 'contu
1226 480 1268 522 ex
1287 459 1400 524 endem

292 555 469 626 Ammiano,
489 561 643 632 assumpto
662 570 784 632 quoqne
802 553 930 610 libanio
955 561 985 609 et
1002 551 1193 626 Themistio‚
1215 551 1242 609 si
1265 548 1341 630 quid
1359 553 1399 608 in

292 641 415 696 zosimo
436 640 600 716 reperiatur
621 639 724 696 minua
738 638 816 694 bena
831 635 991 711 traditmn,
1014 635 1155 716 redargui
1175 645 1285 716 potest.
1327 638 1398 694 Eu-

218 780 220 787 ,
292 725 376 801 napii
395 723 462 780 loca
479 733 654 802 supersunt,
675 741 754 802 qnae
768 721 808 780 ad
822 719 899 780 haec
912 733 1047 802 tempora
1064 725 1230 802 partinent3
1251 739 1330 801 qaae
1344 731 1398 778 ta-

291 826 363 866 men
377 809 430 864 vix
446 807 540 866 alium
553 827 644 866 asam
657 799 810 887 priestant
826 825 918 886 quarn
934 806 974 867 ad
985 806 1221 888 comparandum
1234 815 1398 888 utrumqne

293 903 327 952 et
342 893 406 953 stili
419 890 624 952 diversitatem
635 891 885 982 cognoeoendam.

380 1016 411 1074 p·
428 992 489 1059 174
504 1015 536 1052 v.
549 997 582 1058 3.
623 1013 724 1076 neque
743 995 972 1078 Valentinianus
989 993 1071 1053 solus
1090 1011 1189 1074 neque
1201 993 1235 1051 in
1248 993 1315 1068 via,
1339 989 1398 1052 sed

293 1079 382 1159 Opoli
404 1097 464 1138 nna
488 1099 558 1139 cum
578 1079 670 1139 hatra
690 1081 770 1140 febri
791 1089 943 1160 correptus
964 1080 1039 1157 init,
1067 1077 1233 1139 secundinn
1254 1079 1397 1138 Ammia-

288 1185 368 1269 *m
378 1164 515 1332 ildeho-
556 1268 719 1326 memoriae
736 1267 847 1328 lnlioni
863 1267 1006 1348 principia
1028 1267 1191 1348 amicisque
1216 1265 1298 1342 eius,
1323 1273 1396 1323 tan-

294 1349 602 1498 ffitdwdeffini'
627 1355 799 1436 praestigiis
820 1356 911 1434 laesi,
939 1350 1086 1416 invidiam
1108 1354 1302 1434 imperatores
1324 1369 1396 1410 mo·

378 1537 421 1596 ib.
437 1559 467 1598 v.
482 1541 514 1604 9.
556 1539 711 1602 Ammiani
723 1539 821 1605 codex
837 1541 936 1622 regius
950 1541 1116 1602 Salustium
1128 1539 1279 1626 appellat;
1301 1537 1396 1596 etiam

296 1626 452 1704 Eunapius
471 1628 504 1682 in
523 1625 658 1684 Maximo
675 1621 874 1690 Σαλούστιον.
915 1623 965 1686 hic
981 1627 1035 1686 sub
1054 1620 1170 1686 luliano
1187 1625 1283 1706 praef.
1296 1633 1395 1703 praet.

297 1712 464 1769 Galliarum
484 1709 598 1785 iuerat,
620 1712 754 1791 itemque
776 1713 831 1772 sub
853 1715 993 1772 loviano:
1016 1711 1161 1770 divisione
1182 1731 1253 1770 vero
1273 1711 1395 1788 imperii

286 1797 375 1880 'iuter
381 1797 624 1856 Valentinianum
638 1807 668 1854 et
674 1797 832 1857 Valentem
845 1798 924 1856 iacta
937 1797 1031 1878 prael.
1045 1807 1139 1878 praet.
1153 1796 1211 1855 fuit
1224 1816 1279 1876 per
1286 1797 1396 1883 Orien-

295 1892 374 1957 tem,
394 1879 490 1947 donec
504 1879 663 1940 Nebridiua
675 1883 708 1940 in
725 1886 790 1944 eius
805 1883 905 1942 locum
919 1881 1060 1942 suffectus
1076 1877 1131 1942 est.
1178 1881 1327 1940 Valesius.

379 1983 422 2042 ib.
467 2003 580 2062 paucos
598 1994 717 2042 tantum
734 1983 798 2045 dies
814 1987 941 2044 Nicaeae
956 1995 1154 2046 commoratus
1167 1983 1395 2042 Valentinianus

295 2067 384 2128 citato
405 2066 476 2128 inde
496 2071 603 2128 itinere
621 2069 829 2128 Nicomediam
842 2071 993 2149 profectus
1007 2081 1062 2130 eet.
1105 2071 1137 2130 in
1155 2071 1275 2128 zosimo
1290 2069 1394 2145 igitur,

293 2155 348 2233 qni
362 2153 477 2212 abitum
490 2155 679 2231 imperatoris
692 2155 729 2215 ab
743 2155 818 2214 urbe
829 2158 942 2214 Nicaea
955 2159 1017 2216 iam
1032 2157 1090 2214 line
1103 2155 1175 2214 libri
1186 2151 1394 2234 praecedentia

292 2241 464 2313 annotavit,
485 2257 540 2317 pro
557 2239 689 2313 Νικαίας
704 2250 819 2300 tentare
835 2243 932 2320 possis
950 2243 1165 2320 Νικομηόεἰας.

376 2321 419 2382 ib.
435 2344 465 2382 v.
483 2328 532 2389 16.
575 2325 711 2402 pluribus
726 2345 762 2383 aa
775 2325 813 2383 ab
826 2329 988 2386 Ammiano
1010 2326 1074 2406 (25
1095 2325 1136 2403 4)
1158 2325 1297 2403 exposita
1309 2331 1394 2382 siant.
1484 2333 1485 2354 l

376 2408 597 2488 p.175v.17.
639 2410 832 2472 observatum
849 2422 894 2472 est
915 2432 932 2472 a
952 2413 1149 2475 Tillosnontio
1172 2410 1215 2487 (t.
1238 2409 1258 2477 6
1278 2429 1310 2488 p·
1327 2409 1392 2481 21)
1484 2403 1485 2406 ’

291 2493 393 2574 plnres
410 2493 487 2552 alios
502 2491 648 2557 honorem
661 2506 693 2554 et
706 2494 884 2574 dignitatem
900 2498 1058 2576 pristinam
1073 2497 1244 2556 retinuisse.

375 2581 483 2658 p.176
499 2583 576 2642 v.2·
619 2580 658 2639 of.
672 2583 827 2640 Ammian.
840 2583 883 2646 25
904 2579 937 2646 5.

375 2664 419 2724 ib.
440 2667 471 2722 τ’.
490 2665 521 2728 5.
563 2660 619 2739 τοὶς
638 2664 671 2728 ἕν
696 2659 790 2753 ταύτῃ
812 2662 924 2742 πόλεις.
968 2663 1031 2730 vid.
1051 2665 1169 2726 Comm-
1186 2662 1228 2740 ad
1245 2666 1269 2724 l.
1291 2665 1326 2726 11
1352 2660 1393 2722 de

289 2749 378 2810 lustr.
419 2746 482 2808 rid.
496 2751 589 2810 etiam
601 2761 666 2810 not.
681 2771 709 2810 a.
723 2748 765 2810 ad
780 2754 842 2830 leg.
857 2757 898 2816 22
913 2773 939 2812 c.
954 2751 1017 2812 Th.
1030 2749 1068 2810 de
1082 2754 1213 2830 episcop.
1257 2749 1366 2808 Ritter.

377 2833 418 2893 ib.
436 2855 466 2894 v.
485 2841 536 2900 11.
580 2855 649 2894 eam
670 2857 736 2896 rem
755 2838 887 2896 illustrat
909 2848 940 2896 et
958 2837 1113 2898 confirmat
1132 2837 1155 2895 l.
1175 2841 1196 2901 7
1218 2855 1245 2894 c.
1269 2833 1333 2894 Th.
1350 2831 1392 2892 de

291 2921 421 2980 malefic.
435 2940 474 2978 m
485 2923 554 2998 quia
565 2922 703 2999 deumne
712 2924 867 2982 mecona
880 2921 1060 3002 temporibus
1073 2922 1209 3000 nefarias
1216 2939 1321 2998 preces
1335 2929 1392 2978 ont

291 3007 427 3084 crogicce
437 3017 607 3082 apparatum
617 3018 674 3064 aut
685 3008 836 3082 sacrficic
840 3008 971 3086 surrecta
986 3005 1081 3088 (haec
1093 3026 1164 3085 ergo
1177 3003 1309 3086 putanda
1321 3014 1391 3063 sunt

291 3086 330 3151 td
350 3093 493 3172 μυσαροῖς
509 3084 719 3170 πραττόμενα)
740 3091 889 3150 eelebrcue
903 3104 1038 3164 conetur,
1060 3093 1205 3150 detectum
1216 3103 1306 3169 atque
1318 3110 1390 3148 ‹nn-

291 3177 406 3236 vi'ctum
428 3178 605 3254 competenti
623 3177 882 3239 wdmadversom
907 3180 1036 3238 metari
1057 3181 1186 3257 pereuni
1213 3178 1391 3240 auctoritate

290 3281 456 3322 manua.
501 3263 541 3320 ci.
556 3263 579 3322 l.
593 3261 614 3327 6
628 3282 656 3320 o.
675 3261 713 3322 de
726 3283 837 3344 pagan.

272 3369 281 3396 ‘
375 3361 418 3421 ib.
436 3383 467 3420 v.
482 3360 533 3425 14.
577 3366 806 3443 Πραιτεξτᾶτος.
848 3362 929 3423 himo
949 3362 1078 3424 eundern
1091 3373 1175 3444 putat
1188 3363 1317 3442 Idamgo
1337 3362 1390 3442 (in

290 3449 361 3507 Var.
374 3450 435 3504 lur.
452 3448 517 3506 civ.
531 3466 562 3525 p·
578 3446 618 3526 8)
640 3469 709 3508 cum
734 3469 770 3508 eo
791 3469 881 3531 quem
901 3463 1047 3510 memorat
1066 3451 1234 3508 Macrobius
1249 3449 1313 3507 Sat.
1330 3453 1344 3510 1
1368 3445 1391 3509 4

290 3543 387 3606 secte3
415 3530 450 3591 id
475 3530 644 3614 quodiam
666 3545 736 3594 ante
760 3547 915 3596 notaverat
940 3535 1079 3595 Gotholr.
1098 3538 1133 3594 in
1147 3529 1390 3612 Prosopogreph.

372 3701 414 3761 ib.
431 3722 463 3759 v·
481 3705 530 3767 18.
572 3721 651 3763 vana
669 3713 715 3764 est
735 3724 826 3784 opera
846 3705 1036 3763 Tillemontii
1058 3703 1137 3784 (1.5
1155 3723 1186 3782 p·
1201 3699 1244 3783 9)
1265 3703 1390 3760 liberta·

289 3797 353 3847 tem
374 3788 568 3867 religionibus
584 3809 602 3846 a
615 3791 825 3850 Valentiniano
844 3809 1015 3850 concessam
1032 3789 1234 3849 addubitantis
1247 3799 1277 3846 et
1287 3790 1390 3866 impu-

288 3875 419 3952 gnantis.
460 3891 533 3935 naua
547 3883 694 3936 testantur
706 3895 775 3934 eam
789 3886 819 3937 et
831 3878 1009 3936 Ammianus
1028 3879 1070 3938 30
1092 3879 1112 3939 9
1132 3887 1161 3934 et
1181 3876 1276 3954 ipsius
1291 3875 1390 3951 impe-

290 3961 397 4018 ratoris
412 3959 496 4037 leges
509 3960 530 4017 l·
550 3963 564 4022 1
582 3981 609 4018 c.
625 3957 688 4019 Th.
711 3959 750 4020 de
771 3961 903 4019 malefic.
927 3981 1021 4040 neque
1044 3961 1144 4039 aptam
1163 3959 1391 4036 haruspicum

289 4055 347 4101 aaot
358 4045 621 4121 autumpnatem
635 4044 805 4104 conusm
822 4065 843 4104 a
858 4045 1022 4104 maioribus
1033 4045 1206 4125 augeam
1218 4065 1316 4124 genus
1329 4063 1391 4101 esse

288 4127 419 4186 orbitani·
438 4130 584 4188 munis.
629 4141 715 4189 testes
735 4141 809 4188 smol
832 4131 913 4209 [egea
925 4151 947 4189 a
960 4151 1008 4189 me
1019 4133 1054 4188 in
1066 4131 1185 4190 exordio
1203 4131 1321 4206 nuperis·
1331 4132 1392 4186 mai

290 4213 385 4282 lm,
406 4213 516 4292 quibus
539 4217 717 4298 mique,
738 4217 822 4300 quod
843 4219 947 4278 audem
969 4215 1135 4289 imbuam
1156 4215 1274 4276 colendi
1293 4213 1391 4274 libau

281 4297 426 4380 facultas
442 4297 557 4360 tributo
569 4311 623 4362 eat.
968 4317 971 4328 ·
