3025 4892
472 420 482 440 „
529 341 655 409 Luto
688 343 772 410 esp.
802 349 852 412 ιο.
879 349 929 412 ω.
1235 349 1282 420 83
1381 389 1384 396 -

178 509 279 597 ἡγεῖτο
298 514 355 595 μέν
377 510 522 598 ἦῗππος·
547 521 637 582 τοῦτο
660 515 720 603 γάρ
739 515 841 596 ἔδοξεν
859 513 933 583 εἶναι
951 515 1207 608 λυσιτελέστερον,
1231 525 1284 588 ἵνα

178 616 223 699 μὴ
242 627 308 694 τοῖς
331 620 430 697 πεζοῖς
449 620 478 684 οἱ
498 621 635 701 πολέμιοι
658 624 855 708 σχολαίτερον
870 619 1073 704 ἐμβάλλουσιν
1089 627 1285 706 ἐμπίπτοντες

179 720 227 784 tut
249 720 284 784 τδ
301 719 406 806 πρόσω
429 723 482 788 διὰ
502 723 557 807 τὴν
577 725 754 810 δυσχέρειαν
773 727 907 812 προίέναι
923 724 1076 792 κωλύοιεν.
1127 719 1164 792 οὗ
1178 729 1216 812 δὴ
1233 755 1283 815 γε-

178 823 306 904 νομένου
324 822 480 912 κρατήσας
499 829 531 892 έν
550 823 634 910 τάχει
653 835 707 911 τῆς
725 831 860 914 ἐμβολῆς
865 876 876 907 ,
901 837 962 894 τῶν
979 833 1112 914 σημείων
1128 831 1285 916 ἀρθέντων

154 927 288 994 badrino
299 936 363 1004 τοῖς
376 930 522 1007 ἐναντίοις
536 929 630 1018 ἓπῄει,
655 935 706 996 καὶ
725 933 824 1018 γέγονε
843 929 928 1016 μάχη
944 930 1045 1016 πάσης
1063 931 1105 1011 ὡς
1124 935 1214 1000 είπεῖν
1227 935 1284 1001 ‹tt-

178 1035 234 1112 λης
251 1033 477 1120 καρτερωτέρα·
504 1041 566 1100 τῶν
589 1034 648 1122 γὰρ
669 1041 771 1118 βελῶν
788 1037 1024 1114 ε’κτοξευθέντων
1042 1035 1173 1126 ἑκατέρῳ
1187 1064 1284 1127 στρα-

178 1131 322 1215 τεόματι,
351 1146 419 1213 ταῖς
442 1139 568 1220 αίχμαῖς
587 1141 639 1202 καὶ
663 1150 728 1217 τοῖς
754 1137 881 1225 δόρασιν
893 1142 941 1204 ἐπὶ
954 1139 1067 1226 χρόνον
1085 1141 1195 1226 συχνόν
1211 1170 1284 1208 συν-

179 1235 362 1321 επλάκησαν.
427 1247 483 1323 τῆς
506 1243 539 1306 δέ
563 1239 667 1326 μάχης
686 1244 857 1330 ἀρξαμένης
879 1245 936 1326 μέν
954 1247 986 1322 ἐξ
1000 1245 1084 1328 ἠοῦς,
1106 1243 1235 1334 ἑσπέρας
1252 1247 1286 1311 δέ

179 1337 251 1427 άχρι
284 1347 517 1429 παραταθιίσης
543 1347 626 1410 ένίκα
650 1345 685 1412 τό
719 1347 817 1424 δεξιόν
839 1347 946 1432 κέρας,
991 1339 1028 1412 ud
1056 1351 1286 1426 Κωνσταντῖνος

138 1442 290 1529 rotperto.
341 1449 516 1532 τραπέντων
537 1450 571 1513 δέ
595 1455 657 1516 τῶν
678 1452 822 1516 ἐναντίων
839 1455 882 1526 είς
900 1447 1010 1536 φυγήν,
1031 1449 1132 1536 ἐπειδὴ
1150 1457 1200 1518 καὶ
1217 1457 1285 1518 Λι-

178 1551 290 1613 κίννιον
314 1545 394 1614 εἶδον
412 1553 461 1614 dni
480 1550 534 1617 τόν
548 1555 643 1618 ἰ’πιτον
661 1553 865 1636 άναπηδτδντα
883 1557 934 1617 καὶ
956 1554 1032 1639 πρὸς
1053 1555 1192 1640 δρασμόν
1206 1557 1285 1622 έτοι-

178 1677 238 1733 μον
252 1653 285 1716 αἱ
300 1651 357 1717 σδν
375 1653 460 1741 αὐτῷ
476 1652 648 1740 φάλαγγες,
675 1657 774 1720 οὐκέτι
794 1655 872 1720 κατά
886 1654 993 1741 χάραν
1012 1657 1164 1741 ἠνείχοντο
1186 1661 1286 1742 μένειν

179 1753 248 1820 orire
266 1757 387 1820 δείπνου
400 1761 600 1838 μεταλαβεῖν·
627 1756 825 1836 ἀπολιπόντες
840 1760 873 1823 δέ
888 1759 1054 1844 θρέμματα
1070 1763 1119 1824 καὶ
1139 1758 1286 1846 ὑποζύγια

179 1857 305 1942 κοίτην
325 1857 421 1943 άλλην
436 1867 540 1924 πᾶσαν
556 1859 743 1944 ἀποσκευήν,
769 1864 851 1928 σιτία
867 1863 900 1926 δέ
920 1869 1056 1928 τοσαῦτα
1071 1863 1212 1950 φέροντες
1226 1863 1286 1929 ὅσα
1368 1924 1371 1939 ,

139 1975 173 2030 15
181 1970 285 2046 πεινῆν
306 1963 378 2028 κατ’
402 1965 515 2047 έκείνην
536 1964 592 2030 οὐκ
610 1964 657 2029 εἴα
678 1965 733 2048 τὴν
752 1963 863 2044 νόκτα,
890 1969 1009 2052 σπονδῇ
1022 1963 1105 2053 πάσῃ
1124 1973 1286 2050 καταλαμ·

177 2063 324 2148 βάνουστν
349 2064 415 2150 ἅμα
426 2069 577 2155 Λικιννάμ
597 2067 633 2133 τό
649 2071 788 2153 Σίρμιον.
839 2066 926 2145 πόλις
944 2070 977 2134 δὲ
991 2073 1144 2147 Παιονίας
1155 2071 1189 2136 τό
1209 2077 1286 2156 Etp-

178 2197 250 2252 μιον
257 2219 267 2250 ,
294 2168 312 2235 ii
325 2164 491 2258 παραρρέει
505 2170 644 2254 ποταμός
657 2173 706 2236 ἐπὶ
719 2171 857 2258 δατέρας
864 2221 874 2250 ,
899 2175 941 2250 είς
964 2171 1017 2236 τδν
1027 2171 1152 2259 Ἴστρον
1168 2174 1286 2257 έμβάλ·

180 2279 250 2338 λων.
301 2273 515 2361 παραδραμὼν
531 2277 564 2340 δέ
578 2278 630 2340 καί
646 2273 760 2360 ταότην
776 2279 825 2340 καί
841 2273 938 2352 λάσας
955 2275 1010 2359 τὴν
1026 2274 1135 2342 rodeno
1157 2287 1212 2344 τοῦ
1227 2304 1282 2343 πο-

179 2384 279 2459 ταμοῦ
297 2380 434 2466 γέφυραν
451 2380 500 2442 dni
513 2378 554 2443 τὰ
569 2375 675 2465 πρόσω
693 2376 811 2466 προῄει,
836 2376 965 2462 δύναμιν
981 2381 1013 2444 ἐκ
1029 2385 1090 2444 τῶν
1102 2381 1182 2446 κατά
1198 2381 1286 2472 &ppt-

138 2495 237 2565 toupr
247 2484 371 2567 χωρίων
383 2482 500 2569 άγεῖραι
514 2481 738 2564 διανοούμενος.

287 2584 343 2653 19.
395 2585 569 2666 Κατασχαλν
599 2587 633 2649 δέ
663 2587 894 2660 Κωνσταντῒνας
923 2582 978 2666 τὴν
1013 2585 1145 2667 Κίβαλιν
1174 2587 1224 2650 καὶ
1252 2583 1286 2649 ιδ

181 2691 310 2772 Σίρμιον
326 2688 378 2751 καί
393 2684 492 2752 πάντα
507 2686 566 2754 ὅσα
581 2685 701 2774 φεύγων
717 2684 905 2764 ὃΛικίννιος
918 2687 1014 2751 ὀπίσω
1030 2689 1194 2764 κατέλειπε,
1209 2689 1286 2769 πέμ*

180 2817 230 2856 πει
250 2792 509 2873 πεντακισχιλίους
526 2787 653 2868 ὁπλίτας
673 2793 722 2855 ini
741 2791 797 2874 τὴν
813 2790 909 2856 αὐτοῦ
924 2791 1035 2867 δίωξιν.
1088 2790 1160 2855 ἀλλ’
1182 2793 1287 2856 ἐκεῖνοι

248 3005 267 3060 8
283 2999 463 3072 dormient

181 3193 321 3264 equitatum
331 3188 358 3246 in
369 3191 455 3245 fronte
465 3187 647 3246 eonstituerstr
670 3188 721 3246 boe
731 3187 797 3247 enirn
815 3189 840 3246 ei
853 3185 935 3260 magis
946 3185 1068 3262 expedire
1079 3183 1160 3244 risum
1172 3183 1237 3257 init,
1254 3203 1287 3244 na

182 3265 271 3316 hostes
284 3264 409 3315 irruentes
425 3262 452 3313 in
469 3263 602 3330 pedestres
621 3262 708 3331 oopies
726 3281 771 3315 eas
786 3261 857 3332 ipsas
874 3262 977 3330 segnius
994 3261 1027 3314 ad
1046 3277 1146 3313 manum
1157 3259 1287 3313 venientes

180 3331 340 3400 impedirent,
355 3348 408 3400 quo
419 3329 500 3382 minus
508 3332 541 3384 ob
551 3331 729 3384 difficultatem
741 3331 967 3401 progrederentur.
997 3331 1022 3384 id
1034 3347 1090 3384 cum
1102 3331 1197 3382 iactum
1209 3339 1287 3393 esset,

182 3401 301 3454 eeleriter
312 3401 407 3470 impetu
419 3400 499 3468 primo
511 3401 629 3468 superior
640 3401 746 3453 sublatis
757 3401 838 3468 signis
854 3400 880 3452 in
894 3401 1018 3454 adversos
1032 3399 1116 3452 statim
1128 3397 1215 3462 irruit;
1233 3411 1288 3450 est-

182 3487 234 3538 que
249 3471 406 3522 commissum
426 3470 557 3537 proelium,
575 3470 667 3538 quovis
688 3470 738 3522 aiio
759 3487 842 3538 paene
861 3469 967 3523 dixerim
986 3469 1081 3522 aerius.
1114 3484 1170 3521 nem
1192 3468 1288 3520 emissis

182 3539 305 3607 utrinque
321 3538 397 3601 reiis,
413 3539 491 3606 longo
510 3547 626 3608 tempore
643 3537 788 3608 cuspidibus
808 3546 836 3590 et
853 3537 932 3590 hastis
944 3539 1010 3591 inter
1024 3555 1069 3590 eos
1081 3533 1225 3590 dimicatum
1238 3547 1286 3590 est.

181 3607 545 3729 εωωωτωαν
632 3607 803 3728 νων
820 3624 953 3728 ων
968 3606 1189 3727 ταντα
1208 3623 1286 3726 ω

182 3695 234 3810 anf
252 3714 342 3796 meino
353 3745 483 3812 legiones,
500 3686 1287 3815 qiii‘iiiiii'Lici„dniiiiiiiiii'diaderint„

182 3825 211 3866 et
227 3815 260 3867 ad
277 3815 361 3882 iugem
379 3821 514 3882 peretum,
529 3831 582 3866 non
601 3813 709 3884 amplius
727 3832 759 3866 eo
777 3815 834 3867 ioco
847 3831 950 3867 manere
965 3831 1014 3867 nec
1026 3830 1118 3866 cenare
1129 3821 1189 3864 sunt
1201 3829 1288 3874 nusae,

182 3883 228 3936 sed
240 3883 339 3936 relictis
352 3883 488 3952 peroribus
497 3891 524 3935 et
541 3883 659 3936 iumentis
669 3890 698 3935 et
712 3884 780 3936 omni
793 3891 919 3954 apparatu
932 3883 1038 3952 reliquo,
1055 3891 1204 3948 tantumque
1216 3881 1287 3932 cibo·

183 3971 238 4006 rum
256 3968 341 4005 seeum
358 3953 505 4005 auferentes
521 3962 640 4020 quantum
662 3953 696 4004 ad
714 3954 808 4004 famem
829 3969 861 4004 ea
878 3959 953 4004 nocte
972 3951 1112 4019 pellendam
1130 3949 1195 4001 satis
1211 3959 1287 4014 esset,

183 4023 250 4075 oruni
264 4021 378 4074 adbibita
391 4021 554 4074 testinatione
570 4037 627 4075 mm
644 4020 742 4075 Licinio
763 4021 882 4074 Sirmium
894 4019 1055 4089 perveniunt.
1089 4013 1237 4071 Pannoniae
1250 4017 1287 4070 ci-

183 4091 252 4144 vitas
270 4099 311 4144 est
325 4089 459 4154 Sirmium
477 4107 553 4158 quam
571 4093 605 4144 ab
623 4100 733 4160 uosque
747 4089 932 4159 parta‚flumen
948 4089 1034 4154 nituit,
1052 4082 1078 4139 in
1097 4087 1187 4139 latrum
1206 4094 1288 4140 semet

183 4177 334 4214 exonerans.
367 4161 417 4212 boe
430 4165 463 4229 op
481 4159 488 4172 '
508 4175 549 4210 unu
560 4175 637 4214 eursu
648 4168 855 4229 praetergressus
873 4176 904 4211 ue
916 4167 993 4226 ponte
1009 4155 1119 4208 fluminis
1130 4156 1215 4210 soluto
1227 4173 1287 4226 per-

183 4229 264 4299 gebat
273 4227 390 4295 ulterius,
406 4246 440 4298 qu
487 4227 513 4281 in
524 4229 640 4282 Thracia
654 4228 758 4281 mititem
771 4228 893 4292 eoilipere
904 4226 1038 4294 rogitaret.

254 4299 294 4355 19.
330 4297 529 4361 Constantinus,
545 4305 671 4368 oeoupm
683 4297 768 4350 Cibaii
785 4305 812 4350 et
828 4295 921 4348 Sirmio
934 4304 961 4346 et
973 4295 1030 4350 aliis
1040 4292 1157 4347 omnibus
1168 4311 1234 4363 quae
1247 4295 1287 4344 iu·

183 4366 256 4436 prieur
272 4383 288 4419 a
304 4373 380 4435 tergo
391 4367 506 4421 Licinius
524 4367 685 4437 relinquebat
696 4367 809 4436 quinque
828 4364 1024 4433 legionariorum
1041 4364 1108 4418 mitia
1128 4365 1182 4420 sius
1199 4381 1289 4433 perse-
