3025 4892
544 292 667 361 Line
692 293 778 362 GAP.
803 299 855 361 32.
880 299 933 362 33.
1237 296 1287 368 99

182 491 215 534 τε
232 465 340 555 μίχρις
353 463 460 551 Αίμου
477 469 527 533 καί
537 461 687 552 Ῥοδόπης
708 468 761 532 καί
781 465 871 553 μέχρι
887 461 1036 554 Δοβήρου
1053 463 1169 545 πόλεως
1185 463 1252 556 όριζ
1267 507 1285 524 -

182 571 292 654 μένην,
314 573 366 636 καί
379 569 509 659 Κύπρον
524 571 627 654 μίντοι
642 573 694 636 καί
710 570 768 648 τὰς
785 567 953 648 Κυκλάδας
968 569 1080 655 νήσους
1097 573 1169 654 δίχα
1183 571 1284 658 Λήμ-

182 699 238 739 νου
268 676 320 740 καί
340 673 469 762 Ἴμβρου
498 678 550 740 καὶ
573 671 804 765 Σαμοθρᾴκης·
840 670 933 763 ἐτίρῳ
962 675 996 740 δέ
1016 673 1205 760 Μακεδόνας
1231 679 1285 742 καὶ

186 777 365 854 Θεσσαλούς
384 782 436 844 καί
457 780 585 866 Κρήτας
606 782 658 844 καὶ
671 779 728 862 τήν
741 775 878 843 Ἑλλάδα
895 779 946 843 καί
960 778 1017 856 τάς
1031 781 1098 866 περὶ
1113 779 1210 863 αὐτὴν
1226 778 1283 862 νή-

157 887 257 958 ὁσους
278 884 330 946 καί
349 882 528 970 ἀμφοτέρας
545 883 725 970 Ἠπείρους,
746 884 798 948 καί
820 879 897 968 πρδς
912 877 1038 971 ταύταις
1048 881 1215 970 Ἰλλυριοδς
1231 886 1285 949 καλ

181 981 294 1061 Δάκας
306 988 359 1049 καί
372 987 569 1073 Τριβαλλούς
580 989 632 1052 καί
645 986 717 1063 τοδς
731 984 804 1073 άχρι
815 991 871 1070 τῆς
885 987 1040 1072 Βαλερίας
1049 987 1205 1064 Παίονας,
1231 989 1284 1052 καί

182 1088 231 1152 ἐπί
246 1085 366 1166 τούτοις
380 1089 436 1174 τήν
450 1088 516 1155 drus
530 1092 678 1156 Μυσίαν·
709 1095 754 1176 τῷ
778 1089 812 1154 δὲ
836 1089 929 1178 τρίτῳ
950 1089 1006 1172 τὴν
1015 1089 1146 1154 Ἰταλίαν
1160 1087 1283 1156 άπασαν

182 1194 234 1256 καί
254 1190 395 1258 Σικελίαν
416 1195 467 1259 καὶ
492 1193 549 1270 τδς
571 1196 639 1282 περὶ
656 1193 752 1277 αὐτὴν
765 1190 878 1276 νήσους
894 1194 946 1258 καί
963 1192 1006 1258 ἐτι
1022 1217 1054 1278 γε
1070 1191 1214 1282 Σαρδόνα
1231 1196 1283 1258 καί

181 1292 306 1382 Κύρνον
326 1299 378 1361 καί
396 1296 453 1381 τήν
476 1297 538 1363 sind
554 1295 696 1384 Σύρτιων
711 1293 857 1384 Κυρήνης
872 1295 944 1383 άχρι
957 1293 1101 1380 Λιβύην,
1126 1302 1172 1384 τῷ
1185 1298 1219 1362 δὲ
1231 1323 1283 1363 τευ

140 1409 174 1463 10
183 1396 284 1487 τάρτῳ
302 1399 376 1476 τοδς
393 1397 470 1488 ὑπὲρ
492 1401 549 1478 τὰς
568 1401 688 1478 Ἄλπεις
710 1397 847 1476 Κελτούς
869 1425 901 1465 τε
925 1402 976 1464 καὶ
994 1399 1122 1485 Ἴβηρας
1145 1400 1222 1486 πρὸς
1243 1405 1284 1486 τῇ

179 1505 369 1589 Βριττανυιῇ
380 1500 473 1592 νήσῳ.
525 1503 621 1591 ταύτῃ
635 1502 806 1586 διελόμενος
817 1501 873 1586 τήν
886 1509 947 1568 τῶν
960 1500 1106 1589 ὑπάρχων
1119 1503 1216 1588 ἀρχὴν
1230 1507 1282 1568 καὶ

181 1605 287 1682 άλλοις
308 1603 433 1692 τρόποις
458 1609 626 1673 ἐλαττῶσαι
650 1605 765 1692 ταύτην
788 1603 991 1672 ἐσπούδασεν·
1016 1598 1201 1692 ’ἐφεστώτων
1221 1605 1282 1694 γάρ

179 1719 245 1784 τοῖς
267 1705 445 1792 ἁπανταχοῦ
468 1707 670 1798 στρατιώταις
686 1711 721 1774 ού
738 1707 833 1791 μόνον
849 1706 1078 1795 ἑκατοντάρχων
1094 1711 1144 1772 καὶ
1158 1707 1283 1796 χιλιάρ-

177 1836 243 1894 χων
267 1811 418 1877 ἀλλὰκαὶ
438 1820 499 1878 τῶν
520 1815 688 1899 λεγομένοιν
711 1816 848 1892 δουκών,
875 1812 909 1877 οἳ
926 1818 1102 1900 στρατηγῶν
1111 1814 1148 1896 ἐν
1164 1809 1282 1900 ἑκάστῳ

138 1925 172 1979 15
180 1913 264 2003 τόπῳ
288 1913 375 1993 τάξιν
396 1918 534 2000 ἐπεῖχον,
554 1914 767 2005 στρατηλάτας
788 1914 997 2000 καταστήσας,
1022 1915 1076 1980 τὸν
1090 1917 1147 1996 μέν
1162 1917 1282 1999 τήςίπ-

178 2045 238 2084 που
263 2018 318 2084 τόν
342 2019 376 2084 δέ
398 2027 460 2085 τών
482 2023 594 2100 πεζῶν,
621 2025 663 2098 είς
678 2019 806 2097 τούτους
821 2045 852 2085 τε
868 2019 923 2103 τήν
938 2020 1077 2096 ἐξουσίαν
1093 2023 1149 2083 τοῦ
1165 2016 1283 2084 τάττειν

178 2119 370 2209 στρατιώτας
381 2127 433 2188 καὶ
446 2131 649 2212 τιμωρεῖσθαι
663 2125 735 2201 τούς
748 2120 981 2211 ἁμαρτάνοντας
989 2124 1151 2206 μεταθείς,
1172 2123 1282 2212 παρεί·

177 2229 247 2292 λετο
263 2229 314 2291 καὶ
327 2223 442 2311 ταύτης
454 2229 526 2306 τοδς
536 2225 695 2314 δπάρχους
708 2234 763 2311 τής
777 2228 950 2304 αδδεντίας.
1002 2223 1019 2290 ὅ
1034 2252 1062 2290 τι
1078 2227 1110 2290 δέ
1124 2231 1214 2291 τοῦτο
1229 2228 1281 2290 καὶ

177 2339 242 2421 τοῖς
257 2331 289 2395 ἐν
306 2328 409 2418 εἰρήνῃ
428 2334 480 2397 καὶ
496 2340 561 2409 τοῖς
575 2331 654 2398 κατά
670 2330 804 2414 πόλεμον
821 2328 991 2421 ἐλυμήνατο
1009 2325 1202 2417 πράγμασιν,
1223 2329 1283 2394 αδ·

246 2506 420 2574 1Λῖμου3ι
438 2504 619 2576 άσήμουΙτΡ.
688 2505 842 2578 καὶμέχρι]
859 2506 908 2562 καί
924 2507 1008 2560 οπιΡ.
1081 2507 1279 2576 ΤοπήρουῙιΡ.
1333 2534 1336 2542 ·

246 2577 265 2631 3
286 2579 417 2646 praesecto
435 2594 475 2646 pr.
493 2577 598 2645 illyrici.
737 2580 754 2632 6
781 2578 888 2630 Valerio
907 2575 1040 2631 Pannonia
1061 2583 1102 2630 est
1118 2579 1280 2644 Interamnia,

246 2645 315 2699 inter
328 2647 424 2699 Savum
437 2653 463 2697 et
473 2646 604 2709 Dravum;
620 2663 711 2698 nomen
726 2647 804 2699 babet
816 2665 832 2700 a
842 2646 947 2699 Valeria
958 2645 1059 2697 Galerii
1069 2647 1178 2714 Augusti
1190 2665 1280 2715 uxore,

248 2715 292 2783 qui
309 2716 390 2767 coemo
405 2715 562 2767 immunibus
577 2716 652 2768 siluis
669 2723 695 2768 et
713 2717 804 2770 emisso
822 2717 883 2766 icco
900 2731 997 2782 agrum
1013 2715 1090 2766 iilum
1106 2717 1281 2784 reipublicae

245 2786 448 2837 commodantem
459 2788 572 2852 fecerat.
588 2783 677 2836 Aurei.
694 2785 726 2835 V.
744 2785 786 2837 40.
814 2785 953 2836 Ceiioriue.
1055 2785 1221 2852 ipraeieoto
1256 2802 1280 2840 τ.

246 2853 348 2907 ltaliae.
452 2854 471 2906 9
486 2853 618 2922 praefecto
635 2871 676 2923 pr.
692 2853 843 2907 Galliarum.
870 2849 987 2904 Zosimus
1005 2850 1020 2904 6
1037 2853 1057 2905 2
1073 2859 1100 2903 et
1116 2853 1151 2906 32
1167 2803 1281 2921 appeiiat

248 2939 306 2975 eum
324 2922 406 2992 preci.
423 2939 464 2990 pr.
482 2922 715 2991 Transalpiuorum.
732 2923 766 2978 R.
870 2922 903 2975 15
921 2919 1108 2988 στρατηλάται
1123 2921 1182 2973 alibi
1196 2937 1280 2988 στρυ-

245 2993 339 3060 τηγοί,
365 2991 483 3058 Ευυορίο
505 2991 753 3059 στρατοπεδάρχαι.
788 2990 857 3062 apud
881 2989 988 3043 Latinos
1011 2992 1136 3058 magistri
1159 2992 1279 3056 miiitiae,

244 3063 371 3183 πρρςιραη·
388 3063 514 3182 συλήτην,
541 3061 824 3186 ηισςίρῳίὸατῳζιοτυπτ.
859 3061 964 3184 τοηηηίιῳ
987 3075 1101 3181 qttlrgquee
1111 3061 1281 3182 vhocabantuui.

245 3147 297 3185 m.
340 3147 436 3185 τουπ
495 3146 596 3185 mmuau.
683 3168 745 3186 ..
950 3144 1000 3181 νιι
1101 3145 1279 3198 pauus,c.

176 3339 252 3404 missa
262 3355 291 3403 et
300 3351 400 3405 Moesia
410 3352 503 3406 Haemi
514 3368 545 3405 ac
555 3352 696 3423 Rhodopes
707 3368 739 3405 ac
750 3351 850 3405 Deberi
860 3349 947 3474 opEidi
958 3348 1052 3404 finibus
1072 3349 1279 3422 circumscriptor

175 3425 315 3488 praeterea
332 3423 448 3491 Cyprum
467 3423 561 3474 adiecit
577 3430 605 3475 ct
619 3421 748 3489 Cyclades
765 3421 877 3490 insutas,
918 3437 990 3474 emno
1008 3425 1036 3474 ot
1047 3421 1174 3474 imbro'et
1186 3423 1279 3475 Samo-

176 3489 277 3540 thracia
294 3492 417 3560 exceptis.
452 3492 526 3544 alteri
542 3491 698 3544 Macedonas
717 3490 836 3543 attribuit
855 3497 882 3543 et
898 3491 1041 3544 Thessalos
1057 3498 1084 3543 et
1095 3491 1234 3548 Cretenses
1252 3499 1279 3544 et

177 3556 315 3609 Graeciam
329 3568 355 3610 et
366 3561 572 3613 circumiacentes
582 3560 678 3613 insulas
690 3565 717 3611 et
730 3560 835 3641 Epirum
848 3567 989 3628 utramque,
1007 3567 1034 3611 et
1044 3567 1147 3628 praeter
1159 3562 1203 3612 has
1217 3562 1279 3625 illy-

174 3625 230 3679 rios
254 3633 283 3678 et
302 3627 386 3678 Decus
408 3636 436 3680 et
456 3630 589 3682 Tribalios
607 3636 633 3681 et
652 3630 798 3680 Pannonios
810 3627 982 3680 udVeieriom
1002 3645 1098 3697 usque,
1117 3635 1144 3680 et
1155 3629 1278 3681 Moesiam

173 3700 312 3765 praeterea
325 3698 490 3765 superiorem.
525 3699 602 3752 tertio
613 3705 694 3750 totam
705 3698 804 3750 italiam
817 3704 844 3749 et
856 3699 968 3750 Siciliam
981 3705 1008 3748 et
1020 3697 1225 3752 circumiacentes
1237 3699 1278 3750 iu-

174 3765 252 3828 rabo,
265 3765 377 3834 itemque
389 3767 531 3819 Sardiniam
542 3777 571 3821 et
583 3767 716 3819 tbrsicam
728 3774 755 3818 et
764 3768 875 3820 Africum
889 3784 904 3819 a
916 3765 1036 3833 Syrtibus
1048 3767 1167 3833 Cyrenen
1184 3784 1278 3836 usquoe

174 3842 267 3901 quarto
278 3834 449 3903 transalpinos
462 3837 550 3888 Celtas
561 3843 588 3888 et
598 3838 729 3904 Hispanos
742 3853 797 3888 cun
808 3835 891 3888 insula
902 3835 1049 3888 Britannica
1062 3836 1195 3906 commisit,
1231 3839 1279 3886 bac

174 3903 276 3956 ratione
292 3902 375 3956 diviso
395 3907 582 3975 praefectorum
600 3906 767 3972 magistratu,
786 3906 899 3957 studiose
918 3912 1025 3956 conatus
1045 3915 1084 3956 est
1103 3905 1156 3954 aliis
1177 3921 1278 3970 quoque

173 3972 257 4025 modis
273 3989 361 4024 eorum
379 3981 534 4042 potestatem
551 3975 707 4026 imminuere.
741 3991 801 4025 nam
820 3991 875 4026 cum
895 3980 1044 4043 praeessent
1058 3971 1152 4040 ubique
1164 3971 1278 4025 locorum

173 4041 313 4107 militibus,
340 4059 392 4094 uon
408 4043 484 4095 modo
503 4044 665 4095 centuriones
685 4050 712 4093 et
730 4040 842 4108 tribuni,
862 4058 947 4095 verum
961 4042 1036 4093 etium
1049 4041 1126 4093 duces
1144 4042 1199 4110 (sic
1212 4043 1277 4094 euim

173 4110 367 4180 appellabantur
380 4112 421 4179 qui
434 4113 549 4181 quolibet
559 4113 584 4164 iu
599 4115 656 4163 loco
669 4120 815 4180 praetorum
835 4111 916 4163 vicem
937 4111 1121 4177 obtinebant),
1148 4112 1276 4178 magistris

173 4180 278 4231 miiitum
297 4181 431 4238 institutis.
450 4183 531 4232 altero
549 4182 676 4249 equitum,
695 4181 807 4248 peditum
818 4181 912 4239 attero,
931 4181 993 4232 etin
1006 4181 1188 4232 bostrensium
1201 4193 1275 4249 pote-

173 4256 242 4298 state
260 4251 364 4302 militum
382 4251 579 4302 ordinarulorum
597 4261 624 4301 ot
644 4251 778 4302 coercendi
797 4251 989 4317 delinquentes,
1017 4251 1064 4298 imo
1076 4250 1150 4300 otiam
1163 4250 1187 4300 in
1201 4257 1275 4318 parto

171 4319 361 4387 praefectorum
372 4321 520 4374 auctoritati
531 4321 651 4374 detraxit.
685 4320 711 4374 id
723 4337 786 4372 roro
798 4325 847 4372 tam
858 4337 921 4388 pecc
934 4336 1008 4388 quum
1021 4318 1086 4384 bello
1098 4319 1274 4392 detrinentum
