3025 4892
78 479 152 566 lidae
164 479 225 566 .z⁰‘

120 567 182 605 arma.

236 299 335 349 xxxiv
648 279 922 348 antummum

325 467 363 524 In
377 461 615 544 ‘pervestigandIs
632 473 661 523 et
678 463 865 546 explicandis
881 481 982 523 rerum
996 462 1200 522 Romanarum
1215 457 1255 519 ad
1267 461 1331 520 ruid

241 585 313 625 nam
327 570 514 644 vergentium
532 570 627 626 causis
641 579 751 650 quanta
766 569 856 625 fuerit
867 565 980 624 Zoshm
992 567 1154 644 sagacitas,
1176 583 1245 622 cum
1259 565 1332 623 satis

241 691 282 728 ex
303 668 351 730 his
370 670 564 728 manifestum
580 673 635 747 sit,
656 673 718 730 iam
731 671 796 730 iare
809 687 962 749 speramus
974 677 1009 726 nt
1026 665 1066 726 ad
1079 667 1333 726 existimationem

243 792 329 833 suam
344 775 498 854 aequiores
514 775 701 833 nanciscatur
715 771 851 830 arbitros.
893 768 949 830 hos
964 787 1023 852 quo
1036 770 1137 827 minus
1150 771 1230 828 inter
1241 787 1334 847 supe·

243 877 356 934 riorum
373 884 541 954 temporum
558 875 694 935 homines
715 873 869 949 habuerit,
889 873 999 952 partim
1019 867 1094 930 fides
1113 872 1178 930 eius
1196 878 1335 949 suspecta

244 980 355 1056 partim
368 979 521 1056 religionis
537 979 612 1037 ratio
625 980 657 1036 in
674 994 764 1036 causa
780 977 854 1052 fuit,
877 995 937 1058 quo
956 975 1073 1034 factuam
1088 983 1133 1032 est
1144 982 1180 1032 nt
1192 973 1336 1031 crimina-

244 1081 334 1138 tionis
353 1081 452 1158 potius
478 1099 568 1160 quam
586 1079 684 1140 laudis
704 1081 787 1138 fama
803 1078 919 1138 celebre
934 1096 1045 1136 nomen
1059 1077 1154 1157 ipsius
1167 1077 1200 1134 in
1214 1094 1264 1135 ore
1275 1072 1336 1134 ho-

244 1183 362 1239 minnm
381 1181 517 1239 ferretur.
560 1179 599 1241 ad
614 1181 705 1241 fidem
721 1183 813 1260 igitur
828 1181 941 1239 Zosimi
955 1176 1172 1259 explorandam
1188 1197 1256 1237 cum
1271 1175 1335 1236 dis-

246 1285 416 1363 quisitionis
436 1293 556 1342 nostrae
579 1304 680 1343 uersus
702 1281 860 1363 procedat,
888 1279 1054 1341 videndum
1073 1291 1136 1357 est,
1161 1280 1215 1340 illa
1234 1279 1337 1362 qualia

247 1373 323 1460 sisai,
345 1405 423 1466 quae
445 1389 579 1445 animum
599 1388 663 1446 eius
682 1403 838 1445 occaecans
857 1387 900 1444 ita
921 1383 1070 1465 potuerint
1088 1393 1123 1440 ut
1139 1401 1186 1442 aas
1201 1383 1292 1442 falsas
1307 1391 1338 1440 et

246 1507 385 1546 erroneas
411 1485 559 1563 traderet3
589 1507 649 1568 qua
670 1485 794 1569 quidem
812 1489 863 1548 uia
882 1487 1011 1564 intelligi
1033 1485 1143 1564 poterit
1161 1505 1222 1555 non
1244 1481 1338 1543 modo

247 1589 346 1668 qualis
358 1590 391 1645 in
405 1609 440 1648 eo
457 1591 496 1648 sit
508 1591 605 1648 malae
619 1587 690 1648 fidei
703 1589 803 1664 labes,
826 1587 983 1647 sedetiam
998 1587 1105 1668 quihus
1119 1589 1151 1645 in
1165 1587 1253 1645 rebus
1267 1587 1339 1665 qui-

248 1691 341 1750 busve
364 1691 437 1750 locis
458 1692 647 1772 potissimaun
672 1693 749 1752 falsa
777 1688 949 1767 tradiderit,
988 1688 1135 1772 denique,
1163 1688 1338 1769 probatione

247 1803 393 1874 tanquam
414 1795 446 1850 in
470 1795 581 1852 trutina
600 1795 697 1869 facta,
724 1797 854 1874 perspici
873 1793 982 1873 poterit
1001 1809 1149 1873 quaenam
1170 1793 1230 1850 sint
1251 1809 1286 1848 ea
1306 1790 1339 1847 in

248 1896 358 1974 quibus
378 1895 536 1952 auctoritas
555 1895 618 1952 eius
637 1906 666 1954 et
681 1897 795 1954 utilitas
811 1898 926 1974 integra
938 1905 969 1952 et
977 1895 1055 1952 nulli
1068 1895 1229 1974 suspicioni
1244 1891 1340 1950 obno-

248 1999 300 2053 xia
314 2005 444 2052 mearent.
487 1992 644 2054 laudamus
659 2008 689 2056 et
700 1997 861 2077 probamus
874 1997 1060 2076 scriptorem,
1079 1998 1132 2077 qui
1146 1991 1266 2078 quando
1278 2013 1341 2053 non

250 2117 321 2157 snae
337 2094 391 2154 sed
404 2099 564 2176 superioris
579 2101 682 2158 aetatis
697 2097 852 2158 historiam
866 2110 1054 2158 enarraturus
1067 2109 1122 2176 est,
1143 2108 1277 2158 auctores
1291 2116 1341 2156 se·

251 2201 353 2280 quitur
371 2198 483 2275 banos,
506 2209 601 2258 aetate
622 2202 777 2280 proximos
798 2210 850 2259 aut
869 2202 1026 2282 aequales,
1049 2212 1079 2259 et
1092 2203 1124 2259 in
1138 2201 1227 2260 rebus
1240 2199 1342 2280 expli-

251 2299 356 2361 candis
371 2303 489 2380 copiose
504 2304 576 2360 scite
590 2312 619 2360 et
633 2322 701 2362 cum
714 2300 772 2360 fide
786 2314 934 2378 versatos,
957 2305 1010 2384 quai
1026 2324 1115 2384 porro
1135 2322 1238 2364 eorum
1249 2303 1342 2362 talem

252 2423 340 2461 nsum
361 2403 432 2460 facit
453 2412 488 2461 ut
509 2423 556 2461 res
577 2405 774 2485 conquisitas,
795 2403 907 2464 iudicio
926 2406 1076 2466 subtiliter
1090 2408 1185 2482 facto,
1206 2414 1343 2464 accurate

253 2505 411 2568 transferat
425 2513 454 2562 et
467 2507 498 2562 in
513 2525 601 2564 suum
612 2525 701 2566 usum
713 2517 819 2581 vertat,
835 2511 877 2566 ita
890 2517 925 2566 ut
937 2507 1119 2587 praeiudicio
1128 2511 1237 2566 mentis
1246 2507 1344 2585 nullo,

254 2606 336 2690 quod
353 2627 370 2665 a
385 2609 447 2667 veri
463 2626 552 2665 sensu
568 2605 714 2666 abducere
727 2611 838 2688 possit,
864 2608 903 2668 ad
923 2608 1080 2671 historiam
1100 2605 1345 2670 conscribendam

255 2707 390 2783 accedat,
418 2711 470 2789 qui
495 2707 618 2769 tandem
640 2730 696 2770 nec
717 2710 816 2772 studio
834 2732 890 2772 nec
910 2711 979 2773 odio
1004 2715 1149 2772 alienatus
1171 2733 1189 2771 a
1210 2714 1344 2772 veritatis

256 2812 420 2891 praeceptis
444 2810 572 2871 recedat.
614 2823 760 2894 quatenus
778 2817 811 2873 in
827 2812 908 2874 hunc
922 2835 1043 2875 censum
1058 2818 1195 2876 Zosimus
1210 2817 1344 2874 referen-

257 2899 313 2974 dus
331 2916 386 2990 sit,
407 2915 440 2971 in
462 2915 653 2996 sequentibus
674 2915 843 2995 apparebit,
864 2917 917 2976 ubi
931 2937 1001 2976 eum
1013 2917 1053 2978 ad
1065 2920 1198 3000 singulas
1211 2917 1344 2979 historici

259 3015 410 3096 diIIgentis
424 3037 459 3075 ac
472 3015 531 3076 fide
546 3016 631 3097 digni
644 3019 766 3078 virtutes
778 3021 979 3098 exegerimus.

342 3123 477 3178 Primum
491 3138 508 3178 a
523 3123 714 3200 scriptorum,
737 3138 812 3202 quos
825 3130 1015 3199 seruasset,
1035 3117 1209 3181 auctoritate
1218 3120 1274 3181 vix
1285 3119 1346 3180 ali-

260 3241 320 3304 qua
333 3219 474 3280 adversus
488 3241 558 3280 eum
572 3222 786 3280 criminationis
799 3241 888 3282 causa
902 3223 1010 3282 arcessi
1020 3229 1134 3302 potest,
1155 3220 1348 3306 quandoqui÷

129 3347 158 3400 p.
176 3341 245 3382 xxix
262 3324 332 3384 dem
345 3323 500 3400 Dexippus
515 3324 668 3402 Eunapius
683 3332 712 3382 et
727 3321 974 3403 olympiodorus,
995 3345 1123 3408 quorum
1142 3328 1348 3388 auctoritatem

260 3428 397 3487 Zosimus
419 3433 537 3484 secutus
556 3435 616 3499 est,
636 3427 746 3504 partim
768 3425 911 3506 dignitate
924 3432 1034 3510 partim
1050 3425 1183 3488 doctrina
1196 3431 1349 3512 conspicui

261 3541 292 3590 et
314 3547 419 3608 graves
440 3527 561 3586 fuerunt
582 3529 748 3607 scriptores.
800 3531 980 3610 scripserunt
1000 3551 1072 3592 suae
1095 3534 1222 3615 quisquc
1243 3535 1349 3594 aetatis

262 3629 417 3689 historiam
431 3638 461 3688 et
473 3646 519 3704 res
533 3646 608 3708 quae
624 3631 695 3708 ipsis
708 3633 841 3690 maxime
853 3643 922 3692 ante
934 3635 1036 3694 ocados
1049 3647 1151 3712 erant3
1170 3635 1347 3696 narrationis

264 3749 371 3811 gauere
387 3748 448 3786 non
464 3727 682 3807 compendiario
697 3744 726 3792 et
741 3735 983 3813 epitomatoribus
998 3740 1115 3798 solenni
1128 3742 1177 3800 usi
1188 3750 1271 3817 sunt,
1293 3736 1348 3799 sed

264 3851 311 3892 res
333 3829 442 3890 diserta
458 3840 488 3888 et
505 3840 638 3890 accurata
650 3847 875 3914 exposuerunt,
897 3841 1033 3917 quamvis
1048 3860 1066 3900 a
1081 3842 1277 3900 concinnitate
1290 3861 1349 3921 pa-

265 3955 332 3993 rum
352 3931 559 3992 commendata
580 3947 658 3995 esset
676 3940 779 3997 oratio.
822 3936 927 4000 laudes
944 3943 1019 4002 istae
1047 3945 1104 4003 etsi
1127 3945 1287 4023 praecipue
1309 3941 1349 4002 ad

264 4039 437 4117 Dexippum
455 4046 485 4095 et
506 4037 751 4118 Olympiodorum
771 4045 935 4121 pertinent,
957 4063 1085 4125 quorum
1099 4043 1173 4104 fides
1186 4047 1288 4122 nulla,
1308 4065 1348 4104 ne

264 4137 303 4198 ob
323 4139 498 4216 refigionem
515 4139 637 4222 quidem
649 4163 814 4222 paganam,
836 4147 1002 4224 suspicione
1016 4149 1126 4206 afflicta
1138 4148 1196 4205 fuit
1206 4149 1350 4208 interse-

264 4248 360 4317 teres,
381 4243 518 4324 Ennapio
531 4254 632 4305 tamen
640 4291 649 4323 ,
672 4249 725 4330 qui
738 4243 889 4310 diaeum
903 4250 941 4308 ab
956 4251 1017 4311 illis
1030 4252 1110 4310 vitae
1122 4268 1218 4329 genus
1230 4253 1365 4311 sectatus⁸
