3025 4892
223 285 273 360 86
698 283 847 352 ZOSIlil

225 461 251 527 εί
266 463 322 524 rou
339 457 458 541 τείχους
479 444 552 524 ὅσον
576 454 695 536 ξδλινον
713 448 751 541 ἦν
777 455 1014 544 κοταφλίξαιεν,
1040 462 1102 544 πεῖρ
1124 482 1156 522 τε
1177 464 1332 544 προσῆγον

224 565 275 632 καὶ
297 562 369 638 τοὺς
388 563 436 626 ἐπὶ
463 569 519 628 τοῦ
540 565 658 646 τείχους
683 559 829 639 ἐτόξευον.
888 563 950 627 ἐπεί
977 561 1010 626 δέ
1037 561 1066 625 oi
1083 563 1249 649 ἐφεστῶτες
1268 571 1332 638 τοῖς

223 668 333 747 τείχεσι
350 665 455 746 βέλεσί
476 692 508 735 τε
530 669 581 730 καὶ
604 669 705 743 λίθοις
723 665 795 742 τοὺς
815 663 996 750 βαρβάρους
1013 665 1044 743 ἐξ
1058 661 1241 751 ὖπερδεξίων
1252 664 1332 750 βάλ-

225 775 327 845 λοντες
350 767 496 850 ἔκτεινον,
527 767 704 852 ἀπαντήσας
722 771 954 846 Κωνστιιντῖνος
972 771 1023 834 καὶ
1049 769 1128 833 κατὰ
1151 766 1249 834 νώτου
1270 780 1335 846 τοῖς

222 870 394 962 βαρβάροις
415 872 563 939 ἐπιπεσὼν
581 874 714 950 πολλοδς
731 874 787 957 μὲν
802 873 952 943 ιλπίκτεινε
967 872 1041 949 roric
1064 873 1097 938 δέ
1118 875 1239 950 πλείους
1260 872 1357 952 itui-5

223 1001 352 1064 γρησεν,
382 973 458 1042 ὥστε
475 977 547 1054 τοδς
566 978 760 1062 λειπομένους
777 989 891 1064 φυγεῖν.
939 974 1141 1060 Ῥαυσίμοδυς
1155 977 1187 1042 δὲ
1204 976 1239 1040 τδ
1255 976 1334 1042 πολδ

223 1081 318 1165 με’ρος
339 1079 506 1163 ἀποβαλὼν
528 1087 583 1164 τῆς
602 1079 760 1164 δυνάμεως
766 1127 777 1160 ,
810 1084 842 1158 ἐς
866 1081 922 1158 τὰς
938 1087 1014 1158 ναῦς
1039 1080 1138 1163 ἐμβὰς
1156 1082 1333 1166 ἐπεραιοῦτο

189 1241 195 1264 ,
224 1183 416 1268 τδνἼοτρον,
437 1183 650 1267 διανοούμενος
668 1188 719 1250 καὶ
743 1177 839 1262 αὖθις
854 1185 910 1270 τὴν
924 1181 1083 1266 Ῥωμαίων
1097 1186 1257 1268 ληίζεσθαι
1266 1180 1334 1266 χολ-

226 1313 295 1374 ραν,
345 1283 418 1374 ὅπερ
440 1286 575 1366 ἄκου’·σος
597 1285 614 1353 δ
639 1291 871 1366 Κοινστοντῖνος
898 1285 1117 1374 ἐπηκολούθει,
1142 1287 1196 1352 τὸν
1214 1286 1334 1373 Ἴστρον

227 1393 280 1457 καὶ
297 1389 390 1468 αὐτὸς
407 1389 536 1474 διαβάς,
561 1395 612 1458 καί
631 1398 828 1479 συμφυγοῦσι
847 1389 924 1478 πρός
942 1417 1010 1458 τινα
1025 1389 1123 1478 λόφον
1137 1388 1214 1466 ὕλας
1226 1390 1334 1473 ἔχοντα
1345 1399 1379 1454 ta

226 1494 343 1577 πυκνὰς
359 1496 542 1574 ἐπιτίθεται,
562 1498 613 1561 καί
630 1497 761 1573 πολλοδς
775 1497 831 1578 μὲν
846 1496 975 1574 ἀνεῖλεν,
996 1496 1028 1559 ἐν
1044 1489 1091 1572 οἷς
1108 1497 1158 1560 καὶ
1169 1491 1334 1577 Ῥουσίμο-

228 1600 283 1667 δον
304 1595 413 1678 αὐτόν,
438 1599 571 1676 πολλοδς
591 1602 624 1666 δέ
640 1602 769 1686 ζωγριάς
783 1597 859 1664 ἐλὼν
876 1598 911 1666 tl
928 1599 1123 1686 περιλειφθὲν
1138 1603 1258 1680 πλῆθος
1269 1605 1335 1680 χεῖ-

227 1727 287 1788 ρας
308 1701 467 1768 ἀνατεῖνον
486 1705 627 1784 ἐδίξοτο,
653 1707 704 1774 καί
725 1703 804 1788 μετὰ
825 1699 967 1790 πλήθους
986 1698 1189 1788 αϊχμαλολτιυν
1215 1698 1337 1788 ἐπανῄει

227 1804 305 1894 ορδς
318 1806 358 1871 sd
373 1810 525 1892 βασίλεια.

332 1909 392 1982 22.
443 1911 614 1991 Auentinae
633 1910 667 1974 δὲ
690 1907 818 1986 τοδτους
842 1918 910 1983 ταῖς
934 1905 1057 1973 πόλεσιν
1075 1907 1123 1971 ἐπὶ
1140 1907 1195 1989 τὴν
1213 1905 1380 1972 &reon-15

229 2011 350 2094 λονίκην
366 2011 489 2099 ἐχώρει,
511 2015 562 2078 καλ
583 2012 637 2076 τδν
661 2013 693 2076 ἐν
710 2008 808 2098 ταύτῃ
828 2011 934 2095 λιμένα
956 2009 1104 2098 πρότερον
1120 2009 1175 2074 οὐκ
1190 2009 1263 2074 ὄντα
1279 2037 1337 2075 κα-

228 2111 420 2192 τασκευάσας
433 2117 481 2184 ἐπὶ
496 2113 550 2180 τὸν
565 2114 642 2202 πρὸς
657 2117 818 2184 Λικίννιον
835 2107 929 2191 αὖθις
942 2111 1177 2202 παρεσκευάζετο
1195 2110 1337 2195 πόλεμον.

123 2247 145 2286 ιι.
163 2232 217 2293 ata
233 2219 284 2282 καί
306 2215 513 2306 τριηκόντορον
535 2219 592 2300 μὲν
616 2221 659 2294 είς
687 2207 846 2296 διακοσίας
876 2213 1180 2300 κατεσκευάσθησαν,
1205 2223 1280 2294 ναῦς
1305 2219 1339 2282 δέ

231 2323 372 2408 φορτίδος
386 2319 586 2406 συνήχθησαν
601 2323 691 2387 πλέον
706 2321 726 2407 ἢ
744 2325 899 2406 δισχίλιαι,
922 2319 1009 2400 πεζδς
1021 2319 1054 2388 δὲ
1069 2320 1201 2406 στρατὸς
1217 2323 1259 2398 εἷς
1276 2319 1338 2386 δολ-

232 2425 305 2491 δεκα
319 2422 483 2511 μυριάδας,
497 2422 517 2513 ἡ
535 2431 610 2502 ναῦς
623 2429 674 2490 καί
687 2427 782 2503 ἵππος
794 2429 900 2512 μυρία,
951 2424 1110 2499 Λικίννιος
1124 2425 1157 2488 δέ
1169 2425 1381 2490 Koraxoi-20

231 2536 313 2592 τῖνον
330 2525 464 2605 ἀκούσας
481 2531 512 2595 ἐν
527 2541 735 2614 παρασκευαῖς
752 2526 826 2594 είναι
833 2577 844 2608 ,
868 2529 1028 2610 διέπεμπεν
1047 2527 1192 2612 ἀγγέλους
1206 2527 1285 2594 κατὰ
1300 2528 1340 2593 τὰ

233 2629 308 2719 ἔθνη
321 2636 414 2699 πλοῖα
432 2630 580 2721 πολεμικὰ
595 2636 644 2700 καί
661 2630 805 2721 δυνάμεις
820 2628 911 2717 πεζάς
929 2655 961 2702 τε
977 2632 1028 2700 καὶ
1047 2629 1179 2708 ἶππικδις-
1191 2631 1342 2720 εὐτρεπεῖς

302 2830 320 2886 3
336 2823 508 2898 δπερδεξιῶν
518 2828 574 2883 LP.
643 2832 662 2885 6
675 2825 857 2896 Ῥατσίδομος
871 2827 902 2882 Ιι.
971 2824 1006 2898 δὴ
1028 2828 1062 2882 Ρ.
1132 2831 1165 2886 18
1182 2824 1341 2896 :amans-

303 2915 350 2964 ροι
362 2899 394 2951 λι.
516 2901 549 2958 19
565 2895 638 2964 πλήν
654 2901 693 2968 L,
711 2907 741 2956 nt
756 2899 824 2950 inira
836 2897 852 2952 5
865 2898 897 2952 19
916 2895 970 2950 tr.
985 2900 1065 2954 stitia
1075 2903 1185 2966 utroque
1197 2900 1252 2950 loeo
1265 2897 1340 2950 Roia-

304 2967 394 3026 sonad,
409 2968 510 3048 linasp.
523 2971 537 3022 1
549 2985 576 3044 p.
585 2969 647 3032 588,
750 2967 869 3042 δισχίλια
885 2967 940 3026 λιΡ.
1048 2967 1085 3030 22
1100 2963 1237 3038 πολεμικὰ
1250 2983 1292 3022 om
1306 2967 1341 3026 Ρ,

235 3138 257 3194 ιλ
275 3137 397 3213 quioquid
413 3146 484 3194 esset
499 3141 526 3196 iu
544 3156 615 3193 nuso
629 3141 740 3209 ligneum
757 3138 928 3201 exussissent,
944 3137 1029 3206 ignem
1044 3137 1216 3192 admovebant
1231 3142 1259 3190 et
1278 3153 1340 3189 oon-

234 3207 356 3266 siste'ntes
373 3210 400 3262 in
418 3227 490 3264 muro
506 3209 563 3263 telis
581 3211 712 3278 petebant
744 3208 790 3260 sed
808 3224 865 3260 cnm
882 3223 1010 3262 murorum
1024 3218 1227 3278 propugnatores
1239 3205 1299 3260 telis
1311 3223 1343 3257 so

234 3277 364 3346 lapidibus
374 3297 407 3330 ex
418 3279 476 3331 loou
487 3278 634 3334 sublimiore
644 3277 750 3329 deiectis
762 3275 887 3332 barbatas
899 3275 1082 3343 interficerent,
1097 3277 1199 3343 iamque
1212 3277 1342 3328 Constan-

235 3346 305 3401 tinus
315 3347 472 3407 advenisset,
485 3365 500 3400 a
512 3355 590 3414 tergo
600 3346 724 3400 barbaros
736 3345 843 3400 adortus
855 3345 949 3398 multos
962 3343 1066 3407 occidit,
1079 3345 1165 3414 plures
1175 3344 1250 3397 vivos
1262 3344 1342 3415 cepit,

234 3415 342 3487 reliquis
354 3417 414 3483 loga
424 3416 473 3469 sibi
485 3416 683 3470 consulentibus
720 3413 888 3468 Ransimodus
905 3411 995 3468 maiori
1012 3421 1086 3483 parte
1098 3413 1229 3482 copiarum
1239 3414 1342 3480 amissa,

236 3499 319 3536 naves
328 3483 457 3550 ingressus
469 3486 564 3543 latrum
575 3485 723 3553 transierit,
740 3501 797 3538 oum
809 3483 915 3536 baberet
929 3484 956 3538 in
971 3482 1054 3538 animo
1066 3483 1189 3539 dicionem
1204 3485 1342 3536 Romans·

236 3551 330 3608 iterum
348 3553 474 3622 populari.
521 3555 591 3624 qnod
611 3555 655 3607 nbi
679 3553 862 3608 Constantinus
877 3569 931 3607 com
951 3552 1058 3620 auisset,
1084 3551 1186 3673 etipse
1203 3553 1343 3606 transiecto

238 3621 308 3674 latro
319 3623 491 3692 subsequitur,
507 3641 540 3680 ao
551 3625 614 3692 tuga
622 3623 748 3696 quendam
759 3623 793 3680 ad
806 3623 894 3676 collem
907 3621 928 3675 s'
941 3621 977 3676 vis
988 3621 1092 3678 densum
1104 3621 1205 3675 destos
1218 3622 1343 3685 adoritur,

239 3698 267 3744 et
280 3691 375 3748 multos
391 3691 527 3759 interficit,
543 3708 652 3762 quorum
669 3693 696 3747 in
715 3709 821 3746 numero
842 3691 1009 3748 Rausimodus
1029 3697 1103 3755 erat,
1123 3691 1258 3760 multisque
1277 3689 1344 3742 rivis

239 3760 339 3830 captis,
357 3761 483 3820 restium
502 3763 701 3823 multitudinem,
723 3779 790 3831 quse
808 3777 896 3815 munus
915 3760 1073 3832 porrigebat,
1090 3760 1115 3812 in
1136 3760 1213 3815 tidem
1230 3759 1343 3827 resopita

237 3847 322 3907 eoque
331 3837 408 3902 pacto
420 3849 514 3902 magua
525 3849 582 3888 oum
599 3831 757 3886 multitudine
773 3831 931 3902 captivorum
945 3830 978 3882 ad
993 3829 1148 3899 praetorium
1164 3845 1283 3882 reversus
1294 3834 1343 3880 est.

256 3947 261 3954 .
308 3901 352 3960 22,
385 3901 435 3956 llis
446 3904 473 3956 iu
484 3903 562 3956 urbas
573 3901 716 3958 distributis
724 3899 934 3956 Thessalonicam
947 3898 1071 3966 accessit,
1087 3905 1113 3952 et
1126 3905 1204 3967 portu
1216 3895 1344 3960 coniectu,

239 3968 284 4037 qul
301 3971 411 4028 antehac
427 3971 464 4025 ibi
480 3973 565 4026 nullus
579 3981 646 4036 erat,
663 3988 752 4024 rursus
771 3971 804 4022 ad
822 3969 959 4038 gerendum
976 3967 1069 4022 bellum
1079 3973 1168 4020 contra
1180 3966 1303 4018 Licinium
1316 3981 1345 4017 se

239 4039 359 4108 parabat,
391 4057 471 4092 nares
488 4041 568 4104 enim,
586 4057 656 4110 quae
665 4040 781 4108 singulae
791 4037 896 4108 triginta
908 4037 985 4092 remis
996 4045 1150 4106 ageretrtur,
1166 4035 1293 4088 ducentae
1303 4033 1345 4086 in-

239 4108 419 4172 struebantur,
438 4110 466 4161 ei
483 4110 616 4166 onerariae
632 4111 720 4192 plures
730 4125 806 4179 quam
817 4109 856 4162 bis
867 4107 948 4172 millet
969 4107 1079 4177 peditum
1093 4113 1192 4158 eentum
1205 4120 1306 4173 quoque
1317 4109 1346 4155 et

239 4174 340 4242 Viginti,
357 4177 484 4235 carettum
495 4185 522 4231 et
534 4186 689 4248 equestrium
700 4178 829 4252 copiarum
848 4175 980 4236 addacem
998 4176 1066 4228 milia
1076 4175 1241 4242 cogebantur.
1276 4171 1346 4224 Lici-

240 4244 299 4297 nius
318 4245 406 4299 audito
420 4245 617 4303 constantinis
654 4256 742 4304 aratu.
764 4245 873 4299 dimissis
896 4244 1067 4298 adnationes
1087 4243 1222 4298 hincinde
1242 4240 1345 4306 nuntiis,

241 4318 337 4373 donata
346 4315 414 4374 bella
426 4331 512 4373 uates
523 4323 551 4373 et
568 4325 680 4390 equitum
691 4315 859 4392 peditumque
878 4315 966 4390 copias
985 4312 1077 4372 instrui
1087 4311 1169 4370 iubet.
1207 4311 1265 4368 sine
1275 4328 1347 4368 mora
