3025 4892
231 290 302 361 ων
706 253 855 357 zosimi

228 466 311 529 ἐννέα
322 470 439 546 μῆνας,
467 464 669 527 ἐλλειπουσιῦν
682 462 791 547 όλίγων
802 460 924 548 ῆμεριῖιν
931 512 941 543 ,
968 465 1152 552 διατρίψας,
1178 467 1222 541 είς
1234 466 1329 529 δωδέ·

229 594 321 633 κατον
337 568 370 631 δέ
386 565 522 632 ἐνιαυτὸν
539 570 593 647 τῆς
608 568 767 646 βασιλείας
781 565 952 654 προελθών.

336 670 391 738 18.
446 666 567 737 Τούτου
587 666 820 753 τελευτήσαντος
837 671 975 752 ἐμπεσὼν
998 675 1042 756 τῷ
1061 672 1181 757 Σιρμίιρ
1197 671 1330 754 σκηπτὸς

228 775 267 840 τὰ
284 776 426 857 βασίλεια
448 773 609 859 κατέφλεξε
628 777 677 837 καί
695 774 749 856 τὴν
767 772 898 859 ἀγοράν,
922 774 1008 849 ἔδοξέ
1022 798 1054 836 τε
1070 783 1134 849 τοῖς
1149 774 1188 838 τὰ
1203 781 1331 838 τοιαῦτα

230 880 339 963 κρίνειν
363 881 470 970 δεινοῖς
493 876 548 940 οὐκ
574 876 672 942 αίσιον
693 886 757 953 τοῖς
776 888 887 953 κοινοῖς
902 873 1078 964 πράγμασιν
1091 874 1165 941 εἶναι
1180 877 1215 941 τό
1231 878 1356 962 τέρας.5

231 984 282 1046 καί
311 982 429 1063 σεισμοὶ
460 980 493 1043 δέ
523 979 554 1043 ἐν
582 1004 642 1046 τισι
663 980 894 1063 συνηνέχθησαν
915 978 1028 1056 τόποις.
1079 983 1203 1064 ἐσείσθη
1225 981 1259 1044 δέ
1281 982 1333 1044 καὶ

109 1095 214 1149 Valens.
232 1082 341 1169 Κρήτη
359 1080 584 1171 σηοδρότερον,
609 1087 660 1147 καὶ
675 1081 694 1167 ἡ
709 1082 945 1168 Πελοπόννησος
957 1083 1036 1166 μετὰ
1049 1090 1105 1165 τῆς
1116 1081 1333 1167 ι’ίλληςἛλλό-

113 1184 138 1221 ³¹
155 1164 206 1219 37⁵
233 1193 305 1267 δος,
336 1186 412 1251 ὥστε
437 1188 488 1250 καί
512 1186 568 1261 τὰς
588 1188 706 1263 πολλὰς
729 1190 910 1274 διαρρυῆναι
932 1193 994 1252 τῶν
1018 1184 1152 1267 πόλεων,
1178 1189 1258 1270 πλὴν
1278 1194 1334 1270 τῆς

227 1294 401 1374 Ἀθηναίων
416 1286 531 1365 πόλειιις
547 1293 598 1354 καί
614 1297 668 1374 τῆς
679 1291 825 1373 Ἀττικῆς.
875 1289 989 1373 ταύτην
1010 1292 1044 1355 δέ
1060 1292 1111 1355 καί
1125 1292 1337 1374 περισωθῆναί

233 1421 328 1483 φασιν
344 1397 374 1471 ἐξ
389 1395 487 1469 αἰτίας
502 1398 633 1459 τοιᾶσδε.
685 1391 852 1480 Νεστόριος
864 1395 896 1457 ἐν
908 1397 1029 1470 ἐκείνοις
1041 1406 1105 1471 τοῖς
1115 1392 1240 1481 χρόνοις
1253 1395 1379 1481 ispo-10

233 1507 357 1586 φαντεῖν
379 1498 558 1581 τεταγμένος
579 1497 654 1585 όναρ
679 1496 831 1562 ἐθεάσατο
852 1494 1131 1583 παρακελευόμενον
1148 1504 1260 1584 χρῆναι
1281 1498 1336 1562 τὸν

228 1604 366 1685 Ἀχιλλέα
382 1600 434 1665 τόν
449 1599 536 1687 ῆρωα
550 1604 712 1687 δημοσίαις
725 1607 877 1683 τιμᾶσθαι
892 1611 1009 1682 τιμαῖς·
1031 1600 1156 1666 ἔσεσθαι
1170 1602 1230 1688 γὰρ
1245 1608 1335 1665 τοῦτο

234 1713 272 1793 τῇ
293 1703 377 1770 πόλει
401 1701 560 1789 σωτήριον.
612 1708 674 1769 ἐπεὶ
699 1706 732 1769 δέ
754 1702 935 1769 ἐκοινώσατο
955 1714 1019 1780 τοῖς
1035 1706 1066 1769 ἐν
1084 1706 1160 1769 τέλει
1178 1705 1234 1787 τῆν
1250 1704 1336 1786 όψιν,

235 1808 264 1873 oi
282 1810 314 1873 δέ
328 1814 428 1894 ληρεῖν
441 1807 533 1872 αὐτόν
549 1804 599 1873 οἶα
617 1809 655 1891 δὴ
668 1806 846 1893 ὑπέργηρων
860 1805 934 1872 όντα
949 1807 1126 1890 νομίσαντες
1140 1810 1172 1872 ἐν
1189 1808 1286 1873 οὐδενὶ
1301 1808 1336 1871 τό

235 1912 330 2000 ῥηθέν
351 1908 529 1993 ἐποιῆσαντο
538 1960 548 1990 ,
570 1912 662 1987 αὐτὸς
682 1913 760 1975 καθ’
785 1909 893 1975 ἐαυτὸν
913 1908 1111 1995 λογισάμενος
1131 1912 1166 1975 τό
1187 1912 1335 1997 πρακτέον
1345 1921 1379 1975 15

235 2018 287 2081 καὶ
303 2026 370 2090 ταῖς
386 2016 552 2078 θεοειδέσιν
568 2016 695 2090 ἐννοίαις
709 2011 1011 2099 παιδαγωγοόμενος,
1038 2012 1139 2078 είκόνα
1163 2021 1219 2078 τοῦ
1236 2012 1337 2104 ἥρωος

237 2121 267 2182 ἐν
286 2116 357 2205 οἴκῳ
372 2122 473 2203 μικρῷ
492 2115 719 2203 δημιουργήσας
734 2114 869 2201 όττέθηκε
884 2124 930 2204 τῷ
946 2120 978 2181 ἐν
993 2123 1167 2203 παρθενῶνι
1184 2120 1338 2203 καθιδρυ-

235 2222 316 2307 μένην
339 2226 394 2302 τῆς
410 2218 546 2303 Ἀθηνᾶς
569 2216 721 2305 ἀγάλματι
725 2269 735 2300 ,
762 2228 857 2285 τελῶν
876 2222 909 2285 δέ
926 2227 965 2307 τῇ
980 2226 1047 2307 θεῷ
1063 2220 1103 2284 τὰ
1117 2220 1238 2304 συνῆθη
1259 2220 1338 2285 κατὰ
1397 2270 1400 2273 -

236 2323 347 2388 ταύτόν
365 2324 415 2386 καί
434 2329 477 2409 τῷ
493 2321 574 2409 ἥρωϊ
585 2323 624 2388 τὰ
639 2325 811 2409 ἐγνωσμένα
826 2324 855 2387 oi
868 2324 947 2391 κατὰ
961 2324 1081 2405 θεσμόν
1096 2323 1233 2409 ἔπραττε.
1265 2320 1338 2390 aori-

235 2452 279 2515 τῳ
300 2452 331 2491 τε
354 2430 398 2513 τῷ
415 2424 516 2513 τρόπῳ
534 2433 587 2510 τῆς
602 2433 658 2491 τοῦ
670 2430 809 2491 ἐνυπνιόυ
825 2432 1003 2509 συμβουλῆς
1019 2426 1096 2513 ἔργῳ
1114 2428 1382 2514 πληρωθει’σης,ἳο

235 2532 448 2616 ἓπιβρίσαντος
464 2536 519 2595 τοῦ
532 2537 659 2613 σεισμοῦ
672 2528 787 2613 μόνους
795 2530 978 2613 Ἀθηναίους
994 2536 1202 2616 περισωθῆναι
1215 2531 1338 2613 συνέβη,

234 2630 446 2717 μετασχούσης
474 2640 535 2699 τῶν
557 2640 612 2699 τοῦ
629 2632 730 2721 ῆρωος
748 2634 924 2721 εὐεργεσιῶν
941 2634 994 2698 καὶ
1012 2631 1113 2716 πόσης
1128 2642 1182 2717 τῆς
1193 2634 1339 2717 Ἀττικῆς.

307 2865 324 2919 5
340 2861 429 2932 πέρας
445 2864 500 2918 LP.
622 2868 655 2921 17
680 2862 756 2929 οἶκος
771 2864 871 2933 μικρὸς
886 2869 927 2918 est
943 2882 1051 2935 parvom
1070 2865 1208 2933 sacellum,
1229 2864 1341 2935 νίκημα,

307 2934 436 3001 asianos,
453 2934 594 2990 armarium.
612 2934 648 2988 H.
752 2938 787 2991 21
804 2932 1007 3006 ἐνυβρίσαντος
1020 2934 1052 2988 [ι.

220 3143 266 3219 ‚in
277 3141 382 3209 illyrico
393 3156 492 3193 menses
502 3158 608 3209 novem,
625 3141 713 3212 paucis
724 3140 814 3195 <liebus
826 3140 952 3213 demptis,
971 3145 1139 3195 commoratus
1155 3140 1247 3194 luisset
1256 3148 1283 3193 et
1293 3141 1342 3194 im·

239 3210 304 3283 perii
316 3210 487 3263 duodecimum
501 3226 591 3263 annum
603 3211 739 3279 attigisset.

310 3282 352 3334 18.
387 3280 428 3331 Eo
441 3280 561 3331 defuncto
574 3280 668 3331 fulmen
683 3279 780 3331 eoaelo
791 3278 877 3331 Sirmii
889 3279 1019 3349 delapsum
1032 3280 1128 3347 regiam
1140 3295 1198 3330 cum
1208 3279 1267 3331 foro
1281 3294 1342 3331 con-

241 3349 381 3413 cremarit,
400 3350 532 3415 visumque
551 3348 600 3401 fuit
616 3350 647 3400 iis
663 3366 770 3417 quorum
789 3349 859 3400 acria
876 3348 908 3400 de
924 3351 1001 3401 rebus
1016 3348 1159 3401 huiusmodi
1169 3348 1261 3399 iudicia
1273 3354 1342 3413 sunt,

239 3434 328 3486 parurn
341 3433 492 3485 prosperum
505 3416 612 3484 publicis
624 3419 700 3469 rebus
713 3419 762 3470 hoc
774 3426 919 3486 portentum
937 3434 1000 3469 esse.
1036 3429 1123 3470 terrae
1141 3426 1223 3469 motus
1241 3433 1344 3485 quoque

239 3486 364 3537 nonnullis
382 3486 407 3535 in
429 3484 490 3535 locis
506 3486 667 3555 acciderunt,
686 3486 766 3539 Creta
779 3486 954 3538 vehementius
965 3503 1087 3540 succussa
1099 3504 1154 3538 cnm
1164 3487 1342 3555 Peloponneso

238 3554 391 3623 reliquaque
403 3554 534 3617 Graecia,
550 3554 585 3605 ita
598 3562 626 3606 ut
637 3556 730 3625 oppida
742 3556 873 3622 complura
885 3554 1086 3623 collaberentur,
1110 3556 1225 3624 exceptis
1236 3556 1343 3607 Athenis

239 3632 267 3676 et
285 3622 372 3675 Attica
388 3622 507 3689 regione,
524 3640 599 3692 quam
619 3641 651 3676 cx
671 3624 811 3677 huiusmodi
829 3640 905 3675 causa
919 3636 1094 3676 conservatam
1105 3626 1250 3692 perhibent.
1287 3624 1344 3674 Ne-

239 3693 333 3746 storius
346 3692 371 3743 id
383 3693 506 3761 temporis
518 3708 646 3744 sacrorum
659 3694 766 3745 antistes
777 3691 929 3744 constitutus
946 3693 1068 3744 somnium
1083 3692 1160 3757 vidit,
1178 3692 1246 3761 quod
1259 3692 1344 3761 publi-

239 3762 275 3813 cis
297 3760 434 3814 honoribus
455 3762 577 3813 Achillem
589 3762 666 3813 heroa
677 3762 777 3813 iuberet
788 3760 873 3812 allici:
892 3762 941 3811 hoc
953 3761 1017 3813 enim
1029 3762 1087 3814 urbi
1098 3762 1212 3813 salutare
1222 3763 1344 3813 futurum.

239 3848 296 3885 cum
317 3839 401 3883 autem
419 3830 499 3882 visum
518 3831 634 3881 boccum
647 3830 837 3897 magistratibus
849 3831 1071 3893 communicasset,
1089 3840 1167 3899 atque
1177 3831 1212 3882 illi
1224 3830 1273 3881 rati
1287 3846 1344 3882 com

239 3900 362 3963 delirare,
381 3899 424 3969 qui
437 3900 484 3953 iam
497 3918 575 3952 senex
588 3900 737 3969 decrepitus
748 3907 829 3960 esset,
846 3899 915 3949 nihili
927 3901 996 3967 quod
1008 3901 1103 3951 dictum
1115 3901 1201 3951 fuerat
1212 3900 1346 3963 iecissent,

236 3971 292 4039 ipse
311 3986 395 4022 secum
413 3970 579 4021 ratiocinatus
600 3970 660 4037 quid
680 3969 806 4035 agendum
818 3975 902 4031 esset,
920 3969 1061 4037 divinisque
1073 3969 1269 4035 cogitationibus
1280 3970 1344 4020 edo-

238 4051 308 4102 ctus,
328 4037 461 4106 imaginem
484 4040 569 4091 herois
592 4040 685 4105 exigua
707 4040 790 4089 forma
812 4036 963 4090 fabricatam
985 4039 1033 4089 sub
1050 4039 1182 4090 hlinorvae
1202 4039 1345 4103 simulacro,

238 4110 308 4177 quoti
326 4108 352 4159 in
370 4107 486 4174 virgineo
505 4108 620 4159 conclavi
633 4106 783 4159 collocatum
796 4113 850 4166 est,
867 4106 961 4175 posuit.
997 4106 1098 4175 quotics
1111 4116 1195 4157 autem
1206 4116 1346 4175 perageret

239 4186 362 4229 consueta
373 4177 431 4228 huic
444 4176 507 4228 (leae
519 4192 602 4241 sacra,
618 4176 715 4246 pariter
726 4184 752 4227 ct
762 4175 807 4227 illa
818 4191 884 4243 quae
894 4175 974 4227 sciret
984 4174 1056 4226 heroi
1067 4176 1152 4226 debita
1164 4176 1214 4226 rite
1224 4176 1345 4226 iaciebat.

240 4252 319 4312 atque
335 4245 384 4295 hoc
401 4246 475 4296 rnodo
494 4263 551 4297 cum
567 4246 622 4314 ipsa
640 4264 668 4297 re
685 4244 775 4297 somnii
788 4244 893 4297 consilio
905 4245 1065 4296 satisfactum
1077 4252 1158 4307 esset,
1176 4252 1263 4295 terrae
1275 4254 1347 4295 motu

240 4314 336 4383 passim
357 4321 474 4381 grassato
491 4314 559 4369 solos
576 4314 744 4371 Athenienses
762 4314 847 4369 salros
867 4314 978 4369 eradere
994 4313 1116 4383 contigit,
1132 4311 1204 4367 hisce
1214 4312 1346 4369 beneficiis
