3025 4892
265 299 342 377 846
675 300 953 376 ammutium

272 502 278 511 ·
307 470 362 550 to)
379 471 514 532 Honorio
526 473 605 553 ling.
617 475 639 537 6
652 491 734 532 cons.
751 455 990 534 duaenm'aaats
1008 489 1101 556 qaam
1116 490 1133 533 a
1148 476 1260 538 Severo
1274 478 1368 540 insti·

346 557 404 614 tutl
416 559 547 616 fuerunt.
590 557 747 617 claudian.
759 561 954 639 Panegyr.·in
969 565 988 624 6
1004 579 1084 620 cons.
1100 565 1235 623 Honoril.

263 639 302 702 de
316 640 397 701 ludis
410 643 612 703 saecularibus
628 644 801 704 Paeonius
814 647 926 704 librum
947 647 1132 725 singularem
1152 649 1303 728 volgavit,
1335 660 1367 711 et

261 730 298 786 P.
322 729 459 806 Toffinua
478 729 517 788 de
538 749 617 788 anno
639 741 669 788 et
687 729 770 789 latiis
786 731 1000 790 saecularibus.
1044 751 1085 790 ex
1101 737 1285 794 ninnisleam
1299 755 1366 794 rem

260 815 422 872 illustravit
437 815 638 893 Sponhemisrs
653 814 690 873 de
705 827 912 894 praestatum.
927 828 951 876 t.
967 821 1033 896 21).
1050 820 1240 883 tas-131.
1263 819 1366 880 eidem

263 899 460 978 explicandae
482 919 604 980 operam
623 900 770 960 dederunt
789 911 1037 962 commentatores
1059 906 1091 961 in
1108 906 1226 964 Horatii
1241 925 1366 964 cannen

262 985 432 1062 saeculam,
461 987 584 1047 Vossius
607 985 645 1045 de
661 987 772 1069 sibyll.
794 987 880 1048 Orac.
905 1007 930 1047 o.
950 991 971 1053 9
998 999 1028 1047 et
1045 989 1210 1050 Politianus
1233 993 1367 1052 Miscell.

345 1176 377 1235 p·
390 1157 433 1218 72
446 1173 476 1212 v.
491 1153 523 1219 5.
564 1154 653 1216 ludos
672 1158 841 1217 saeculares
861 1159 1015 1237 neglectos
1027 1160 1121 1218 luisse
1136 1161 1275 1219 similiter
1287 1179 1366 1220 con-

263 1244 399 1320 queritur
411 1242 514 1299 Victor
526 1242 612 1301 Caes.
627 1261 652 1300 c.
664 1245 722 1306 28:
737 1253 841 1301 nostro
854 1262 970 1324 quoque
983 1255 1093 1316 astute,
1111 1256 1183 1322 port
1193 1245 1279 1304 mille
1291 1267 1366 1304 cers-

261 1328 384 1382 terimus
402 1326 523 1384 romule
542 1327 687 1408 Pln'lippo
706 1331 840 1399 excessit,
872 1329 979 1400 nullis,
1011 1334 1058 1387 uti
1078 1331 1164 1401 solet,
1191 1331 1368 1391 solennibus

251 1410 481 1491 frequentatur:
502 1413 577 1472 adeo
587 1414 696 1507 inuret
708 1435 783 1478 atra
798 1415 925 1486 minimo
939 1415 1100 1479 Romnae
1112 1416 1205 1476 urbis.

466 1615 505 1678 v.
548 1617 850 1680 consrmrmus
872 1619 948 1702 (is
965 1641 992 1681 ο.
1007 1619 1156 1702 s-as).

345 1751 509 1810 Historiam
522 1753 709 1813 Constantini
726 1752 890 1814 delineanti
903 1757 1024 1816 zosimo
1045 1757 1173 1836 praeivit
1189 1756 1366 1834 Eunapins:

260 1831 333 1894 huic
347 1855 418 1896 vero
431 1841 484 1918 qui
498 1849 528 1897 et
543 1842 649 1919 quales
665 1841 778 1898 fuerint
793 1839 893 1918 duces,
917 1845 972 1900 etsi
988 1851 1108 1901 auctore
1123 1843 1290 1900 Sozomeno
1306 1844 1325 1902 1
1342 1844 1364 1903 3

263 1923 347 1980 illius
375 1927 441 1981 aevi
465 1943 528 1982 non
554 1927 645 1984 fuerit
667 1925 877 1984 historicorum
903 1931 1046 2008 penuria,
1082 1931 1237 2005 ignoratur
1259 1937 1366 1984 tamen

261 2009 395 2081 omnino,
417 2019 452 2066 ut
462 2027 501 2066 ne
517 2011 711 2070 coniectando
725 2011 850 2092 quidem
866 2031 916 2071 eos
931 2015 1060 2092 reperire
1072 2013 1177 2088 liceat,
1201 2009 1364 2091 siquidem,

261 2103 381 2172 praeter
397 2095 618 2172 Praxagoram‚
641 2097 800 2175 gemilium
814 2095 1132 2177 historiographorum,
1156 2097 1263 2178 quibus
1278 2093 1365 2154 hauri

262 2177 353 2236 dubie
367 2179 438 2237 solis
454 2181 610 2259 Eunapius
623 2181 715 2240 iidem
729 2179 846 2258 habuit,
863 2184 984 2241 nullum
998 2181 1079 2242 aliud
1096 2183 1135 2241 ad
1148 2194 1281 2242 nostram
1293 2201 1366 2240 me·-

260 2265 389 2321 moriam
405 2262 522 2323 duravit
536 2285 659 2330 nomen.
702 2285 794 2348 quam
809 2287 910 2347 presse
923 2271 1094 2348 lionapium
1109 2279 1228 2327 secutus
1243 2271 1282 2326 sit
1299 2269 1365 2326 zo-

260 2351 372 2423 simus,
401 2347 452 2424 ld,
483 2369 551 2412 omn
573 2354 693 2411 nullum
708 2364 858 2432 superstes
876 2357 914 2412 sit
934 2355 1137 2433 fragmentum
1152 2355 1282 2432 Eunapii
1301 2351 1365 2410 huc

260 2434 391 2508 faciens,
420 2437 620 2518 comparando
634 2439 804 2516 intelligere
819 2449 849 2498 et
866 2438 1029 2498 diiudicare
1049 2442 1110 2498 iam
1129 2459 1190 2498 non
1210 2440 1296 2496 licet:
1320 2457 1364 2500 ex

259 2516 369 2579 Photio
383 2530 500 2597 tamen,
524 2525 578 2602 qui
589 2533 747 2604 utramque
762 2525 877 2603 legerat
890 2523 1062 2602 historiam,
1084 2527 1156 2584 satis
1174 2533 1286 2584 constat
1297 2525 1364 2581 zo·-

260 2606 372 2664 simum
386 2605 598 2667 modestiorem
614 2611 647 2667 in
656 2611 894 2684 Constantinum,
910 2632 971 2670 non
986 2609 1093 2670 eadem
1107 2621 1198 2691 atque
1206 2610 1365 2687 Eunapiua

260 2691 421 2750 acerbitate
438 2713 507 2751 eum
522 2705 552 2753 et
562 2693 754 2754 vehementia
766 2699 948 2775 exagitasse.
974 2717 1012 2758 ne
1023 2707 1126 2760 tamen
1143 2693 1231 2753 tidem
1246 2691 1365 2754 Zosimi

258 2779 292 2836 in
306 2773 362 2839 hac
375 2775 566 2842 historiarum
581 2793 665 2860 parte
678 2783 814 2846 maxime
829 2793 999 2861 suspectam
1009 2785 1158 2862 possimus
1173 2783 1229 2839 rite
1240 2789 1269 2837 et
1285 2779 1364 2837 sub-

259 2864 353 2926 tiliter
371 2865 546 2942 explorare,
577 2865 611 2924 ld
621 2876 725 2925 vetant
742 2887 811 2924 cum
824 2867 898 2942 alia,
922 2878 987 2925 tum
1002 2879 1167 2924 ceterorum
1183 2869 1363 2946 scriptorum

260 2952 314 3028 qui
336 2947 374 3006 de
395 2951 590 3009 Constantino
611 2953 794 3031 scripserunt
817 2955 976 3010 auctoritas
998 2953 1075 3010 levis
1098 2968 1132 3008 cc
1154 2950 1262 3025 dubia,
1292 2960 1363 3007 tum

258 3037 463 3092 narrationum
477 3035 607 3096 brevitas
621 3047 651 3096 et
666 3039 785 3095 consilii
799 3035 965 3102 diversius.
1007 3035 1154 3094 habemus
1170 3036 1363 3114 Eutropium,

259 3119 411 3178 Victorem
430 3131 606 3202 utrumque,
640 3141 826 3202 anonymum
846 3121 974 3196 valesii,
1012 3125 1167 3196 0roslum,
1199 3123 1362 3195 zonarum,

258 3223 321 3263 non
339 3203 549 3266 historicorum
565 3205 619 3269 red
633 3211 862 3286 epitomatorum
878 3226 1004 3267 numero
1021 3205 1196 3282 censendos,
1218 3216 1248 3263 et
1261 3207 1363 3265 Euse-

259 3289 354 3362 bium,
370 3291 568 3366 Lactantium,
582 3289 828 3371 Philostorgium,
842 3293 1005 3366 Socratem,
1023 3293 1234 3363 sozomenum,
1253 3289 1363 3349 Theo-

260 3370 415 3450 doretum,
445 3379 625 3454 Evagrium,
649 3376 903 3452 Christianorum,
924 3397 984 3437 non
1000 3380 1043 3438 rei
1056 3378 1192 3458 publicae
1206 3379 1365 3435 Romanae

260 3475 308 3519 res
324 3459 491 3534 tradentes,
524 3473 676 3540 praeterea
691 3465 779 3522 nobis
794 3473 863 3521 sunt
874 3465 1068 3542 panegyrici,
1091 3465 1244 3536 lulianus,
1265 3461 1364 3518 hiba-

258 3547 337 3619 nius,
360 3543 399 3603 ad
413 3547 471 3602 alla
486 3545 609 3626 quidem
620 3547 720 3623 utiles,
737 3569 755 3606 a
770 3549 892 3606 oonsilio
907 3558 1008 3612 tamen
1023 3547 1163 3608 historiae
1175 3563 1364 3625 componen-

259 3627 316 3689 dae
341 3630 545 3691 abhorrentes.
588 3635 621 3699 in
645 3643 709 3698 tarn
734 3653 842 3713 parum
876 3634 954 3700 laeta
984 3630 1192 3692 historicorum
1210 3633 1365 3698 nobilium

258 3727 377 3796 segete,
411 3717 524 3776 clarum
546 3737 581 3784 ac
598 3722 789 3799 perspicuum
806 3722 851 3777 est
866 3737 904 3776 ex
916 3719 954 3778 iia
969 3720 1084 3798 scriptis
1099 3737 1177 3798 quae
1189 3727 1365 3795 temporum

258 3813 419 3883 supersunt
438 3805 566 3862 iniuriae
589 3807 734 3883 enguam
754 3805 916 3864 utilitatem
935 3801 974 3860 ad
997 3803 1089 3870 fidem
1106 3805 1223 3862 Zosimi
1246 3801 1366 3862 diiudi-

259 3889 387 3950 oaudam
404 3887 588 3964 redundare,
618 3909 710 3970 quam
731 3893 758 3949 si
779 3891 812 3953 ln
833 3889 898 3948 aliis
916 3887 1073 3948 ferendam
1096 3887 1209 3948 dixeris
1223 3891 1366 3968 iniquam

258 3987 380 4051 sortem,
402 3977 529 4033 minime
538 3987 643 4034 tamen
659 3975 844 4054 temporibus
858 3977 1053 4049 Constantini,
1071 3993 1171 4032 rerum
1187 3993 1366 4035 memoran-

260 4057 367 4118 darum
395 4063 480 4140 copia
506 4060 643 4119 fecundis
670 4071 700 4118 et
720 4056 898 4120 narrationis
924 4059 1094 4130 diversitate
1117 4069 1147 4118 et
1165 4057 1237 4116 fidei
1260 4059 1365 4118 malac

257 4148 427 4223 suspicione
444 4146 579 4220 vexatis,
606 4143 749 4204 accidisse
766 4145 922 4206 vellemus.

343 4230 385 4289 ib.
401 4245 431 4289 v.
443 4235 475 4296 7.
518 4229 728 4299 Debcletionus
748 4233 882 4310 privatus
903 4231 985 4289 vixit
1003 4231 1094 4288 annis'
1111 4239 1177 4289 octo
1190 4225 1262 4287 inde
1276 4227 1315 4288 ab
1332 4247 1364 4286 a.

255 4313 331 4401 805,
357 4318 452 4381 vitam
462 4315 539 4376 finiit
553 4305 705 4382 eodam'a.
718 4319 792 4395 att,
815 4335 908 4402 quem
921 4314 1011 4380 modo
1027 4314 1252 4398 adscripsimus·
1273 4313 1365 4373 nullo
