3025 4892
241 303 320 354 mr
649 282 923 356 aerumma!

241 467 325 551 quod
337 463 572 528 Christianorum
582 463 741 534 bominum
752 487 790 528 ea
800 475 978 548 tempestate
991 465 1134 530 iniecerat
1143 465 1277 543 animos,
1297 477 1332 530 nt

240 573 405 634 salemum
425 590 563 652 quaeque
583 569 750 660 trpderent,
776 573 838 632 alia
854 589 927 630 rere
945 571 1137 632 occultarent.
1179 573 1332 632 enimvero

240 675 336 736 altera
357 693 398 734 ex
418 685 502 754 parte
520 675 666 754 suspicari
679 675 750 734 licet
767 671 808 734 ad
820 675 948 734 nimiam
960 675 1117 752 mutilium
1129 671 1334 734 laudationem

242 797 314 838 aum
331 777 496 858 proclivem
510 787 541 836 et
552 779 585 836 in
602 774 790 858 exponendis
803 775 1037 839 Christianorum
1051 777 1139 838 rebus
1153 778 1334 858 iniquiorem

240 881 349 954 fuisse,
371 881 472 940 auimo
490 897 610 961 quoque
624 890 690 940 tum
701 883 770 961 ipsa
783 881 929 959 religlcne
944 890 1128 956 contactum,
1151 889 1218 940 tum
1232 897 1334 938 rernm

240 981 275 1043 in
297 982 405 1062 quibus
425 983 612 1062 exponendis
630 983 804 1045 versabatur
819 984 973 1044 atrocitate
994 982 1129 1062 aliquam
1142 981 1334 1044 acerbitatem

242 1084 336 1146 tuisse
350 1085 501 1162 iniectam,
522 1090 565 1146 ita
578 1097 612 1147 ut
624 1083 899 1168 reprehensionum,
920 1085 1031 1167 quibus
1041 1085 1218 1144 calamitatis
1231 1082 1334 1162 publi·

241 1207 294 1246 cae
319 1199 470 1265 auctores,
502 1187 688 1252 Christianae
711 1189 865 1268 religionis
889 1189 1034 1264 cultores,
1058 1197 1234 1262 sedantur,
1254 1187 1335 1245 aori·

240 1291 344 1350 monia
366 1292 399 1350 in
421 1291 589 1374 iniquitatis
604 1293 807 1372 suspicionem
816 1288 977 1367 incideret,
998 1299 1030 1350 et
1041 1289 1221 1370 sugillatoris
1233 1289 1335 1370 potina

243 1411 336 1475 quam
347 1391 482 1454 historici
495 1392 616 1466 madidi
627 1413 738 1454 munus
754 1395 882 1474 gessisse
897 1391 1059 1456 videretur.

92 1499 230 1556 Comitum
331 1494 488 1557 scribendi
507 1499 661 1558 interitum
677 1499 723 1559 rei
737 1499 890 1559 Romanae
903 1493 1117 1577 aperiendique
1130 1491 1334 1554 calamitatum

104 1571 226 1628 'mh'
248 1617 353 1659 causas
371 1597 529 1660 consilium
549 1620 590 1660 ex
602 1600 738 1685 Polybil,
760 1602 814 1680 qul
825 1596 953 1660 eandem
963 1599 1118 1659 florentem
1132 1605 1163 1656 et
1170 1613 1272 1656 rernm
1283 1596 1336 1654 in-

246 1703 405 1772 crementis
416 1711 534 1762 auctam
545 1703 756 1783 explicaverat,
768 1699 801 1782 *)
821 1703 986 1764 imitatione
998 1703 1116 1775 initum,
1138 1717 1240 1780 aopro
1250 1697 1335 1757 cultu
1383 1687 1388 1704 '

242 1804 398 1864 literarum
419 1806 525 1866 aetatis
546 1808 719 1880 Zoclmeae,
741 1823 819 1886 quae
833 1805 923 1882 louge
937 1806 1001 1863 iam
1015 1800 1178 1862 desciverat
1190 1819 1209 1859 a
1221 1819 1293 1860 vera
1303 1808 1335 1859 et

244 1907 376 1985 ingenua
395 1909 508 1966 ratione
530 1904 670 1966 historias
688 1886 854 1980 scribendi,
885 1907 958 1966 satis
976 1901 1128 1964 laudabile
1153 1914 1184 1962 et
1208 1903 1335 1982 Polybio

137 2027 167 2082 p.
185 2023 225 2064 xx
244 2007 370 2088 dignum
384 2006 513 2068 videtur.
554 2011 589 2068 in
603 2019 779 2088 argumento
792 2017 895 2070 tamen
910 2027 965 2067 suc
978 2003 1185 2088 pertractando
1196 2009 1336 2066 Zosimus

242 2132 304 2174 uon
322 2113 366 2170 ita
385 2121 520 2172 versatus
541 2123 604 2188 est,
630 2121 664 2172 ut
683 2113 748 2171 eius
766 2106 807 2169 ad
824 2110 909 2170 omns
923 2110 1122 2172 imitationem
1134 2109 1293 2170 consillum
1303 2117 1337 2170 et

243 2211 378 2278 studium
400 2212 552 2276 direxerat
569 2216 712 2289 virtutes,
733 2214 928 2293 nugacitatem
942 2223 973 2272 et
987 2212 1151 2273 sollertiam
1162 2209 1337 2272 inveniendi

243 2337 344 2376 rerauu
355 2335 459 2376 causas
473 2315 606 2398 quidque
620 2314 731 2388 exinde
744 2325 887 2397 sequatur
896 2312 1031 2390 videndi,
1047 2324 1080 2375 et
1090 2317 1233 2376 orationis
1244 2317 1336 2376 uber·
1381 2325 1387 2335 “

243 2428 338 2478 tatem
352 2429 494 2498 aequaret
506 2431 556 2480 aut
569 2421 707 2500 proxime
719 2418 883 2480 accederet.
903 2415 1009 2478 ordine
1019 2429 1123 2478 tamen
1135 2437 1235 2480 renam
1246 2437 1337 2478 enar-

242 2518 406 2582 randarnm
418 2522 491 2580 satis
504 2530 574 2603 apto
587 2518 626 2578 ad
638 2539 728 2580 suum
740 2523 899 2582 aemilium
911 2539 985 2580 uans
1000 2531 1056 2580 est.
1079 2529 1240 2600 antequam
1252 2520 1336 2578 euim

242 2642 281 2683 aa
303 2625 431 2701 attingat
453 2633 588 2701 tempora
611 2624 720 2704 quibua
741 2642 790 2685 res
805 2625 941 2686 Romana
953 2624 987 2684 in
1002 2625 1090 2708 peius
1103 2641 1226 2702 vergere
1239 2639 1276 2682 ac
1287 2622 1337 2680 la·

243 2724 316 2786 bare
338 2727 451 2803 coepit,
474 2733 504 2784 et
519 2743 596 2806 quae
609 2724 766 2786 scribendo
783 2729 924 2809 percoqui
934 2729 995 2806 ipsi
1004 2727 1139 2787 maxime
1150 2727 1337 2806 propositum

245 2837 319 2902 erat,
341 2829 431 2888 altius
444 2829 569 2907 repetita
581 2828 786 2890 calamitatum
795 2832 910 2910 origine
923 2827 963 2889 ad
972 2831 1102 2908 Augusti
1110 2849 1239 2908 regnum
1248 2827 1337 2903 redit,

245 2941 278 2990 et
300 2927 374 3012 quid
395 2931 483 2990 rebus
500 2932 643 2992 Romanis
658 2943 775 2992 mutata
786 2933 826 2991 ab
840 2953 877 2994 eu
890 2933 1010 3013 imperii
1022 2932 1119 2990 forma
1131 2932 1285 2992 invemum
1296 2933 1338 2990 slt

244 3030 444 3107 incommodi,
469 3035 584 3112 aperire
608 3044 640 3093 et
655 3035 804 3095 illustrare
823 3034 934 3095 studet.
976 3053 1046 3092 oum
1065 3043 1166 3092 antem
1177 3033 1258 3094 orbis
1271 3033 1336 3092 no-

129 3205 135 3216 ι
246 3138 330 3195 mani
355 3138 512 3216 antiquam
531 3136 642 3198 faciem
665 3156 700 3196 ao
723 3135 930 3196 condicionem
946 3135 1115 3213 legentibus
1136 3137 1286 3214 cognitam
1303 3145 1336 3196 et

246 3249 434 3318 perspectam
457 3255 522 3296 esse
542 3239 649 3327 vellet,
670 3241 713 3298 ita
734 3237 890 3300 commode
911 3236 1084 3298 moderatae
1105 3248 1151 3298 est
1167 3240 1338 3298 institutum

245 3359 353 3414 suum,
375 3348 408 3398 ut
423 3358 483 3420 quo
496 3343 593 3421 magis
605 3340 645 3404 ad
656 3351 807 3424 postrema
818 3351 954 3422 tempora
968 3338 1210 3421 progrederetur,
1231 3360 1268 3402 eo
1283 3363 1338 3404 oo·

227 3444 359 3522 ,pioaius
382 3461 429 3502 rea
451 3453 625 3522 exponeret.
668 3465 761 3526 quare
775 3445 1114 3524 brevissimeexplicata
1129 3455 1175 3505 est
1190 3465 1338 3506 annorum

245 3546 310 3604 lere
331 3555 532 3606 trecentorum
554 3545 694 3624 historia,
719 3547 798 3608 libro
817 3549 915 3627 primo
933 3545 1164 3629 comprehensa,
1189 3550 1338 3630 copiosius

245 3649 434 3728 aliquantum
454 3651 633 3730 posteriores
654 3669 717 3725 res,
742 3669 820 3730 quae
842 3648 975 3710 secundo
990 3652 1079 3710 teatio
1095 3661 1125 3710 et
1139 3663 1244 3734 quarto
1259 3653 1337 3712 libro

242 3753 434 3810 mutineutur
453 3761 484 3810 et
503 3753 556 3811 vix
578 3752 691 3812 saeculi
708 3754 840 3831 spatium
858 3754 1025 3833 complent,
1042 3773 1091 3816 res
1107 3755 1294 3816 Constantini
1307 3763 1338 3813 et

245 3852 388 3931 deinceps
418 3849 458 3911 ad
483 3851 692 3914 Theodosium
715 3875 811 3936 usque
833 3856 1058 3936 imperatorum.
1114 3857 1224 3938 quibus
1251 3859 1338 3939 quasi

245 3953 440 4032 praeseminis
461 3955 526 4016 loco
545 3959 717 4036 praemissis
740 3977 810 4016 casm
831 3977 985 4020 accessum
1002 3961 1062 4021 sibi
1076 3958 1116 4020 ad
1128 3971 1338 4041 argumentum

246 4075 335 4115 sumn
358 4061 607 4136 praestruxisset,
621 4062 762 4122 ¹oratioue
785 4061 848 4124 iam
867 4063 1013 4124 latimime
1033 4063 1102 4126 fusa
1119 4074 1149 4125 et
1166 4065 1340 4146 impensiori

246 4201 454 4214 *a*

317 4279 442 4350 ¹)159.
478 4279 605 4348 abdai.
638 4279 715 4340 459.
