3025 4892
217 266 280 318 rur
626 226 902 319 narranaam

218 441 364 492 memorat
384 432 522 514 inprimis
542 431 702 514 diligenter
717 453 753 493 ea
768 452 846 516 quae
860 431 1084 492 sconstantino
1098 430 1314 491 1111111111-

219 538 322 594 1111111
343 547 430 613 aunt,
445 548 522 598 'rem
541 523 719 612 militarem,
740 538 969 616 magistratuum
993 533 1241 614 descriptionem,
1262 553 1316 594 aa·

219 655 337 696 crorum
352 639 436 714 ritus,
457 650 602 720 tanquam
616 637 780 720 primordie
792 659 893 698 rerum
903 638 1132 710 inclinaturum
1155 647 1186 695 et
1200 646 1315 695 mutata

220 736 423 799 aTheodosio
442 761 510 799 cum
525 743 600 817 alia,
621 753 687 800 turn
703 742 789 818 regni
803 742 882 799 inter
893 739 970 798 filios
987 741 1178 818 partitionem
1192 736 1317 814 factam,

220 849 254 896 nt
275 842 447 918 proximam
466 845 579 904 ruentis
600 845 644 901 rei
665 843 804 923 publicae
829 861 967 916 causam,
993 851 1066 909 aute,
1088 841 1191 900 oculos
1219 841 1316 920 pouit.

220 959 347 1021 quarum
362 963 462 1006 rerum
478 947 533 1004 etsi
549 965 605 1004 neo
620 965 698 1004 unus
710 963 810 1024 neque
825 945 897 1002 satis
915 943 1042 1002 disertus
1057 945 1096 1003 111
1109 943 1248 1001 Zosimus
1261 953 1318 1001 au·

221 1051 303 1118 otor,
325 1045 438 1108 multae
451 1057 553 1108 tamen
568 1045 608 1105 ad
624 1038 781 1108 historiam
794 1048 907 1104 saeculi
921 1048 1019 1129 quarti
1032 1056 1062 1104 et
1073 1045 1171 1130 quinti
1184 1045 1318 1106 ineuntis

220 1147 403 1224 pertinentes
421 1167 534 1230 eaeque
555 1150 683 1210 1111111111
703 1149 849 1206 momenti
861 1169 908 1208 res
919 1151 951 1206 ia
965 1168 1000 1206 eo
1014 1149 1219 1222 continentur,
1240 1165 1317 1226 quae

221 1257 275 1306 aut
294 1245 410 1308 diversa
426 1261 456 1308 et
471 1249 657 1330 discrepante
672 1249 786 1315 ratione
800 1251 837 1310 ab
851 1250 917 1309 aitis
936 1251 1090 1328 expositae
1105 1258 1192 1322 sunt,
1215 1259 1266 1307 aut
1280 1248 1317 1308 ab

222 1349 292 1408 aliis
304 1353 431 1412 omissae
443 1350 579 1433 adeoque
593 1355 646 1411 uni
661 1356 775 1416 auctori
788 1355 909 1414 Zosimo
922 1351 1050 1410 debitae.
1094 1350 1319 1410 commendatur

222 1461 377 1532 praeterea
395 1455 489 1533 ipsius
509 1451 634 1516 historia
654 1475 715 1514 nou
730 1453 820 1514 modo
835 1473 936 1512 rerum
950 1451 1126 1514 traditurum
1136 1453 1271 1515 ubertate
1289 1464 1321 1514 et
1354 1468 1360 1477 ·

223 1555 369 1630 utilitate,
400 1575 505 1616 verum
526 1557 616 1616 etiam
638 1557 676 1615 ab
699 1558 826 1617 auctoris
847 1555 972 1616 consilio
993 1572 1097 1614 musas
1118 1556 1319 1635 reipublicae

224 1675 345 1722 eversae
370 1655 540 1740 aperiend13
571 1679 627 1718 nec
653 1657 821 1740 spernenda
845 1659 989 1720 orationis
1008 1657 1208 1733 concinnitas,
1236 1661 1322 1718 ouius

224 1755 349 1819 landem
369 1761 472 1821 abesse
493 1780 511 1820 a
531 1761 690 1822 virtutibus
706 1764 884 1840 scriptorum
898 1760 1071 1840 aequalium
1085 1761 1198 1820 Zosimi
1213 1760 1322 1840 depre-

224 1853 397 1924 hardinus.
441 1861 549 1941 quibus
570 1863 751 1923 ornamentis
768 1880 836 1921 cum
853 1857 977 1920 historia
992 1861 1106 1918 Zosimi
1120 1879 1322 1944 recommen-

226 1954 294 2031 det,
317 1958 439 2024 laudem
453 1981 539 2025 suam
552 1960 634 2023 hand
647 1963 777 2024 servavit
790 1963 937 2039 integram
953 1970 982 2018 et
993 1960 1158 2036 illibatam,
1181 1966 1323 2044 quoniam

225 2057 333 2120 incidit
346 2061 378 2124 111
392 2073 521 2127 aetatem
539 2066 721 2144 religionum
737 2060 844 2124 stadiis
858 2059 995 2142 odiisque
1013 2065 1167 2141 agitatam.
1210 2063 1323 2126 iudices

227 2161 309 2222 enin
330 2163 395 2227 eius
415 2174 446 2224 et
465 2178 580 2228 veteres
601 2178 631 2230 et
649 2167 828 2228 recentiores
848 2183 918 2225 cnm
938 2164 1117 2246 pierumque
1140 2167 1173 2226 in
1197 2187 1268 2228 curn
1290 2181 1324 2229 ut

227 2275 396 2328 aversatum
423 2286 506 2330 sacra
531 2267 768 2332 Christianorum
795 2267 920 2329 infensis
940 2275 1038 2324 esseut
1060 2268 1184 2344 animis,
1211 2269 1326 2330 factum

228 2362 300 2428 iltde
315 2377 360 2448 cst
373 2379 408 2432 ut
424 2351 505 2455 apud
519 2392 569 2432 eos
585 2369 717 2434 hominis
729 2372 807 2430 sicut
824 2368 963 2446 religioni
974 2369 1124 2450 ipsorum,
1145 2371 1188 2431 ita
1207 2375 1326 2442 veritati

228 2465 331 2528 infesti
345 2481 375 2530 et
387 2473 503 2534 inimici
515 2472 660 2536 indicium
671 2482 834 2553 notamque
848 2470 972 2536 subiret.
1015 2489 1107 2550 quam
1119 2470 1242 2551 quidem
1254 2493 1326 2535 sen-

227 2557 355 2630 tentiam
376 2591 394 2632 a
416 2577 530 2637 ratione
554 2595 615 2638 non
634 2576 734 2636 ruinas
751 2590 843 2654 quam
855 2572 893 2629 ab
906 2572 1054 2652 aequitate
1070 2569 1280 2636 abhorrentem
1294 2587 1327 2638 at

229 2669 433 2738 wudontmue
447 2677 485 2740 iis
499 2677 663 2753 aetatibus,
684 2678 717 2738 in
734 2677 843 2757 quibus
856 2673 1036 2753 religionum
1049 2672 1149 2736 studia
1165 2686 1195 2735 et
1211 2675 1280 2738 odia
1293 2680 1327 2741 in

229 2789 278 2832 ras
289 2773 451 2860 literaeque
463 2777 500 2842 ab
514 2781 551 2838 iis
565 2779 763 2840 alienissimae
775 2777 944 2840 inferebant
955 2774 1108 2853 homines,
1130 2779 1171 2837 ita
1187 2775 1327 2841 dedecori
1424 2841 1428 2848 ,

229 2873 294 2933 sore
317 2877 496 2944 arbitramur
517 2883 626 2942 nostris
646 2881 772 2959 cacalis,
795 2898 872 2964 quae
886 2877 926 2939 ad
941 2899 1040 2941 rerum
1054 2890 1176 2940 naturas
1190 2891 1221 2938 et
1235 2899 1328 2958 argu-

149 2995 178 3054 p.
197 2993 216 3032 r
232 2987 349 3055 menta,
372 3001 433 3045 11111
455 2981 494 3042 ad
511 2981 670 3046 hominum
686 2967 889 3066 professiones
904 2991 934 3043 et
947 2982 1102 3062 opiniones
1114 2981 1262 3060 respicere
1276 2983 1327 3040 iu-

229 3077 312 3139 bent.
338 3080 497 3146 0reddetur
520 3088 613 3172 igitur
633 3085 755 3146 Zosimo
772 3083 839 3144 laus
855 3102 910 3141 aua
923 3092 953 3141 et
965 3082 1140 3154 auotoritas,
1164 3079 1327 3144 dummodo

229 3175 373 3241 accedant
396 3183 436 3248 ad
457 3189 521 3250 eins
542 3186 697 3249 historiam
712 3187 838 3244 lectores
854 3184 907 3267 qui
921 3179 984 3244 odii
996 3184 1029 3243 in
1044 3201 1113 3242 eum
1130 3193 1160 3242 et
1171 3185 1328 3266 praeiudi·

230 3291 314 3340 carae
337 3286 486 3363 opinionis
504 3297 660 3366 expertes,
681 3285 785 3350 habita
804 3305 923 3358 rernm,
944 3301 1005 3342 nou
1027 3283 1181 3362 religionis
1200 3290 1326 3365 ratione,

232 3378 272 3438 de
285 3385 444 3451 virtutibus
458 3407 492 3452 ac
506 3387 565 3450 fide
579 3392 644 3454 eius
662 3390 775 3452 iustum
787 3397 818 3445 et
830 3406 960 3467 aequum
972 3387 1050 3447 ferre
1065 3383 1212 3446 iudicium
1224 3389 1328 3451 1111111.

231 3481 318 3544 inere
334 3488 395 3582 iam
411 3499 479 3548 ante
494 3509 543 3551 me
563 3493 617 3574 qni
634 3494 750 3570 cognita
766 3489 908 3550 historiae
924 3491 1080 3549 Zosimese
1093 3493 1275 3570 praestantia
1291 3493 1329 3551 ab

233 3584 351 3647 iniuriis
374 3598 526 3652 auctorem
543 3590 694 3654 vindicare
710 3602 740 3650 et
756 3592 924 3653 calumniae
944 3591 1094 3653 maculam
1109 3590 1146 3649 ab
1163 3611 1199 3654 ea
1214 3593 1330 3654 abster-

234 3703 307 3764 gere
326 3703 520 3770 conarentur,
541 3696 703 3776 mitiusque
722 3703 752 3752 et
769 3680 945 3754 clementius
966 3689 1004 3753 de
1028 3694 1092 3755 eius
1110 3691 1169 3753 fide
1184 3693 1331 3756 indicium

235 3789 269 3850 111
285 3789 419 3854 medium
432 3795 615 3877 proferrent:
636 3815 742 3858 rernm
760 3814 851 3878 opera
865 3814 968 3854 eoram
982 3813 1040 3852 neo
1052 3795 1123 3853 satis
1135 3798 1213 3858 inter
1227 3816 1332 3857 omnes

236 3890 358 3970 vulgata
373 3895 465 3954 fuisse
478 3917 535 3958 nco
548 3899 730 3957 auctoritatis
748 3899 820 3960 satis
835 3894 875 3956 ad
887 3893 1047 3956 hominum
1060 3898 1176 3958 animos
1190 3895 1332 3960 habuisse

239 3991 371 4071 ridetur,
394 4008 428 4057 ut
442 3996 535 4076 adeo,
556 4001 583 4058 si
598 3998 635 4056 ab
648 4001 812 4083 opprobriis
826 3997 958 4080 indignis
970 4018 1041 4058 sum
1052 4001 1124 4060 satis
1137 3997 1261 4080 quidam
1273 4020 1335 4079 pu·

239 4109 303 4159 tent
319 4100 477 4164 defensum
491 4111 521 4160 et
532 4098 733 4178 vindicatum,
758 4103 810 4162 alii
826 4101 980 4162 obstinatis
996 4104 1166 4181 aversique
1180 4103 1289 4164 anirnis
1301 4103 1335 4160 in

140 4267 154 4290 ‚
238 4205 363 4285 pristina
386 4205 526 4288 opinione
548 4205 708 4286 persistant
724 4216 754 4268 et
769 4203 806 4267 de
822 4207 886 4266 eins
901 4201 959 4264 fide
975 4223 1060 4267 secus
1075 4206 1185 4267 sentire
1197 4212 1335 4292 pergant.
