3025 4892
506 288 586 355 LIB.
611 293 632 353 2
657 288 742 354 CAP.
769 287 820 354 24.
848 289 900 354 25.
925 293 977 354 26.
1240 291 1289 360 91

191 459 375 538 διαπλεύσας
399 462 500 526 τοίνυν
525 465 568 538 είς
594 461 649 545 τὴν
670 459 876 545 Χαλκηδόνα,
909 465 960 526 καλ
985 459 1128 528 κοινωνόν
1151 458 1291 544 ἑλόμενος

190 569 247 628 τοῦ
263 562 402 628 κινδύνου
414 563 644 651 Μαρτινιανόν,
668 561 802 651 ἡγεμόνα
817 572 877 630 τῶν
896 567 927 629 ἐν
942 571 982 651 τῇ
997 564 1077 650 αὐλῇ
1092 563 1205 643 τάξεων
1219 565 1292 631 ὄντα

192 665 382 755 (μάγιστρον
397 675 505 734 τοῦτον
521 669 673 756 όφφικίων
685 675 813 734 καλοῦσι
827 666 993 750 Ῥωμαῖοι)
1000 717 1010 748 ,
1037 671 1184 756 Καίσαρα
1198 672 1292 734 καδί-
1371 695 1373 698 ’

191 797 281 854 στησι
307 774 359 836 καί
380 771 459 854 μετὰ
482 780 628 860 στρατιᾶς
650 776 693 849 είς
717 757 903 855 Λάμψακον
926 773 1084 856 ἐκπέμπει,
1116 770 1293 838 κωλύσοντα

165 874 247 956 brino
270 875 330 940 ἀπὸ
352 883 408 957 τῆς
432 873 560 966 Θρᾴκης
575 879 622 940 ini
642 874 694 940 τδν
707 874 930 959 Ἑλλήσποντον
946 883 1007 942 τῶν
1023 855 1164 942 ίναντίων
1181 874 1293 960 διάβα-

193 999 256 1044 σιν·
282 978 373 1056 αάτδς
394 981 427 1044 δὲ
449 983 492 1056 εἷς
510 981 583 1056 τούς
598 978 714 1066 λόφους
729 983 781 1044 καὶ
797 980 852 1056 τάς
868 983 935 1066 περὶ
952 979 1008 1062 τὴν
1024 977 1212 1063 Χαλκηδόνα
1230 977 1293 1067 φά-

192 1107 309 1168 ραγγας
332 1083 388 1166 τὴν
409 1085 521 1148 οἶκείαν
545 1082 652 1150 λ’ταοσε
671 1082 810 1166 δύναμιν.
863 1083 957 1169 (26)
979 1081 1088 1148 τούτου
1110 1085 1142 1148 δὲ
1159 1081 1246 1160 όντος
1263 1085 1295 1148 ἐν

192 1184 329 1265 τούτοις,
355 1183 371 1250 ό
395 1190 628 1264 Κωνσταντΐνος
650 1187 727 1270 ἔχων
748 1193 870 1270 πλῆθος
894 1195 969 1252 νειῦν
992 1190 1042 1252 καί
1067 1189 1221 1275 φορτίδων
1243 1189 1294 1252 καὶ

193 1292 453 1377 πολεμιστηρίων,
478 1292 529 1356 διὰ
555 1289 671 1357 τούτων
687 1317 719 1356 τε
736 1289 924 1374 βουλόμενος
939 1297 994 1374 τῆς
1011 1292 1173 1378 ἀντιπέραν
1194 1288 1296 1374 ἠϊόνος

151 1406 186 1460 10
195 1401 346 1480 κρατῆσαι
353 1442 363 1473 ,
389 1395 496 1472 δεδιὼς
518 1394 553 1460 τδ
577 1403 633 1479 τῆς
656 1395 736 1460 κατὰ
760 1398 912 1460 Βιθυνίαν
935 1393 1037 1477 ἠϊόνος
1055 1398 1143 1460 ναυσὶ
1162 1392 1297 1478 μάλιστα

194 1499 316 1584 φορτίσι
342 1495 569 1583 δυσπρόσοδον,
595 1500 723 1580 κίλητας
736 1501 788 1562 καὶ
804 1497 915 1562 ἀκάτια
932 1497 1087 1580 ταχύτατα
1107 1495 1298 1563 κατασκευά-

194 1627 253 1676 σας
268 1603 316 1664 ent
333 1599 367 1664 τδ
384 1599 544 1685 λεγόμενον
554 1598 648 1687 Ἱερόν
665 1600 776 1686 ἀκρον,
802 1602 879 1686 πρὸς
900 1607 944 1687 τῷ
960 1599 1088 1682 στόματι
1104 1607 1159 1667 τοῦ
1174 1599 1298 1664 Πόντου

195 1706 347 1785 κείμενον,
373 1704 531 1796 ἀναπλξει,
557 1707 693 1779 σταδίοις
716 1706 884 1779 διακοσίοις
904 1701 1106 1786 Χαλκηδόνος
1132 1700 1298 1788 διεστηκός,

195 1807 358 1872 κάνταῦθα
374 1806 430 1889 τὴν
446 1807 592 1893 στρατιὰν
608 1804 804 1889 ἀποβιβάσας
820 1809 871 1871 ἐπί
884 1833 969 1884 τινας
984 1805 1100 1894 λόφους
1118 1805 1220 1894 ἀνῄει,
1247 1809 1297 1872 καὶ

155 1923 187 1978 15
196 1914 229 1987 ἓξ
245 1910 346 1974 αὐτῶν
363 1908 575 1997 παρετάττετο.
619 1914 780 1987 Λικίννιος
795 1911 828 1974 δὲ
843 1909 898 1993 τὴν
915 1914 1068 1976 Βιθυνίαν
1082 1911 1227 1994 ἐχομένην
1238 1907 1298 1974 int

195 2020 258 2082 τῶν
280 2015 421 2080 ἐναντίων
442 2011 540 2101 δρῶν,
562 2017 594 2080 ἐν
614 2017 693 2079 πᾶσί
706 2040 739 2080 τε
756 2013 907 2090 κινδύνοις
922 2013 1131 2097 ἐξεταζόμενος
1138 2063 1148 2093 ,
1170 2017 1299 2100 Μαρτι-

195 2118 298 2182 νιανδν
319 2119 376 2200 μὲν
398 2119 431 2182 ἐκ
450 2125 506 2200 τῆς
521 2117 709 2202 Λαμψάκου
726 2125 956 2200 μετακαλεῖται,
978 2118 1051 2195 τοδς
1067 2119 1100 2183 δὲ
1113 2115 1301 2204 στρατιώτας

197 2208 508 2308 παραθαρσύναςκαλ
527 2222 620 2298 αὐτὸς
634 2219 808 2306 ἡγήσεσθαί
820 2247 907 2308 σφισι
920 2219 1193 2305 καθυποσχόμενος
1214 2221 1301 2286 συνί-

197 2351 286 2390 ταττε
309 2325 344 2389 τδ
367 2324 574 2411 στρατόπεδον
599 2323 641 2402 ὡς
661 2329 693 2403 ίς
718 2323 837 2409 μάχην,
868 2328 919 2390 καί
936 2333 991 2410 τῆς
1006 2324 1122 2402 πόλεως
1141 2323 1303 2410 προελθών

156 2426 319 2512 munina
334 2431 628 2515 παρεσκευασμένοις
640 2428 700 2512 ἤδη
713 2440 777 2505 τοῖς
790 2431 944 2506 ἐναντίοις.
994 2427 1097 2512 μάχης
1110 2429 1143 2492 δὲ
1155 2433 1304 2515 καρτερᾶς

198 2535 229 2596 iv
245 2542 310 2608 τοῖς
323 2533 437 2613 μεταξύ
450 2525 653 2615 Χαλκηδόνος
664 2535 716 2596 καὶ
728 2538 784 2596 τοῦ
791 2529 887 2617 Ἱεροῦ
899 2531 1003 2609 τόποις
1016 2532 1176 2618 γενομένης
1183 2579 1193 2610 ,
1219 2531 1304 2617 παρὰ

199 2635 276 2699 πολδ
300 2635 336 2699 τὸ
359 2637 593 2700 Κωνστοντίνου
615 2636 709 2720 μέρος
730 2632 866 2720 ἐκράτει,
892 2637 952 2702 σύν
971 2641 1075 2722 πολλῷ
1093 2660 1124 2700 τε
1143 2633 1222 2722 τόνῳ
1242 2645 1306 2710 τοῖς

201 2740 355 2820 πολεμίοις
368 2737 508 2803 ἐπιπεσδν
522 2744 668 2802 τοσοῦτον
684 2736 845 2823 εἰργάσατο
858 2736 953 2824 (μόνον
970 2737 1047 2804 ὥστε
1068 2739 1128 2802 ἀπὸ
1144 2744 1237 2824 τριῶν
1253 2741 1304 2801 καί

269 2952 287 3008 3
304 2949 408 3003 τοῦτον
425 2949 467 3016 R,
484 2945 593 3004 τούτων
609 2949 670 3016 LP,
687 2948 745 3001 τῶν
762 2949 783 3001 S
800 2963 856 3002 euru
874 2947 1014 3018 Stephano.
1113 2947 1130 3006 5
1147 2949 1206 3004 τόν
1223 2943 1303 3003 ἔναν-

268 3020 337 3072 τίων
354 3035 394 3072 om
411 3019 443 3074 P.
546 3020 582 3074 m
596 3017 871 3087 παρασκευασμίνοις
888 3018 919 3074 [ι.

201 3228 259 3264 uuo.
294 3210 460 3280 quamobrem
476 3206 577 3276 navigio
592 3207 783 3262 Chalcedonam
795 3207 895 3261 delatus
908 3207 1055 3261 adiunctum
1065 3207 1114 3261 sibi
1126 3208 1220 3262 romum
1233 3207 1303 3278 pari-

202 3281 251 3333 euii
269 3279 465 3339 Martinianum,
482 3277 525 3348 qui
543 3277 656 3330 ordinum
676 3277 848 3348 palatinorum
865 3278 917 3331 dux
936 3287 994 3330 erat
1010 3278 1139 3347 (Romani
1157 3278 1304 3346 magistrum

201 3349 344 3402 officiorum
364 3348 490 3415 vocant),
515 3346 652 3399 Caesarem
673 3354 759 3409 creat,
782 3353 809 3398 et
828 3362 884 3400 eum
902 3347 1017 3400 exercitu
1034 3347 1203 3416 Lampsacum
1219 3347 1305 3409 mittit,

143 3480 146 3485 ,
201 3419 383 3488 impediturum
400 3433 451 3486 quo
469 3416 549 3468 minua
566 3417 656 3469 hoster
668 3433 683 3468 e
695 3415 810 3468 'l'hraoia
825 3415 966 3471 transirent
978 3417 1010 3470 ad
1021 3417 1232 3484 Hellespontum
1248 3417 1306 3535 δρεε

202 3488 290 3556 eopiaa
300 3503 361 3539 suaa
370 3487 396 3538 in
408 3486 516 3540 collibus
528 3492 556 3537 et
565 3486 684 3538 faucibus
695 3485 730 3536 ad
740 3484 926 3538 Chalcedonam
937 3486 1056 3540 collocat.
1089 3487 1163 3555 (26)
1182 3485 1220 3538 tis
1230 3503 1259 3537 re
1278 3500 1307 3536 us

201 3557 302 3608 intento
320 3552 433 3620 Licinio,
461 3554 644 3607 Constantinus
661 3554 706 3622 qui
723 3563 751 3606 et
768 3555 943 3607 onerariarum
954 3563 982 3606 et
993 3554 1140 3606 bellicarum
1153 3555 1254 3607 navium
1265 3553 1306 3606 in—

202 3635 305 3693 gentem
318 3641 447 3678 numerum
459 3625 567 3676 haberet
578 3633 606 3676 at
619 3625 722 3693 pathas
734 3622 844 3676 advorso
856 3624 944 3676 littore
955 3623 1033 3706 potiri
1045 3623 1137 3692 vellet,
1155 3622 1251 3676 veritus
1263 3621 1306 3674 iu·

203 3709 322 3747 aceeam
333 3692 456 3746 onerariis
467 3692 617 3762 praesertim
627 3692 735 3745 navibur
746 3691 876 3759 Bithynici
887 3693 981 3746 littora
993 3709 1068 3758 oraa,
1086 3693 1186 3744 eeiooea
1198 3701 1226 3744 et
1236 3707 1307 3759 nym-

205 3766 252 3816 baa
272 3778 346 3831 quam
367 3761 597 3827 donimanum,
614 3761 727 3815 etiiaad
757 3763 939 3814 romoutorium
955 3779 1071 3829 morum,
1089 3760 1158 3830 quod
1170 3758 1308 3813 dicitur-ad

204 3831 297 3885 ostium
316 3831 394 3884 Ponti
412 3831 486 3883 eitum
504 3831 624 3901 quodque
635 3830 716 3884 Chaic
749 3847 799 3883 one
809 3829 925 3884 ducentia
935 3830 1023 3884 stadiis
1034 3831 1123 3896 abeat,
1141 3829 1264 3896 navigat3
1283 3833 1309 3880 et

205 3899 330 3970 expositis
349 3900 385 3952 ibi
404 3899 485 3968 oopiia
502 3901 625 3968 quondam
641 3901 669 3951 in
682 3898 762 3953 oollaa
774 3899 905 3966 aaoendit,
924 3917 955 3953 ao
965 3901 990 3952 iu
1001 3899 1033 3952 iis
1046 3899 1109 3953 aciei
1121 3897 1257 3951 struendae
1267 3897 1309 3949 lo-

205 3969 359 4038 concapit.
394 3969 507 4031 Licinius
523 3984 664 4038 quanquam
676 3969 709 4022 ab
719 3970 794 4022 horta
807 3969 954 4036 Bithyniam
966 3969 1047 4022 teneri
1058 3974 1175 4021 demeret
1186 3981 1309 4034 suamque

205 4054 309 4109 operam
321 4037 436 4092 omnibus
449 4038 572 4107 probaret
581 4039 716 4109 pericula,
734 4037 876 4107 Lampsaco
889 4037 1068 4092 Martinianum
1080 4036 1206 4099 aroeaait;
1224 4042 1252 4086 et
1262 4033 1308 4087 mi-

204 4110 263 4161 liter
276 4109 438 4173 exhortatur,
454 4106 589 4188 quibuaae
602 4107 759 4177 praeiturum
777 4106 891 4173 dicaret,
908 4107 1010 4188 ordiner
1022 4105 1055 4158 ad
1066 4121 1176 4188 pugnam
1193 4104 1307 4188 intumuit,

204 4177 350 4300 iiiiii?
360 4175 771 4313 mittimfflntttt
778 4183 1140 4314 &maturitati
1151 4171 1309 4312 {tutta

206 4317 291 4369 hortm
299 4315 398 4386 ingenti
411 4332 467 4371 nrm
477 4315 574 4386 impetu
585 4315 678 4370 adorta
687 4322 785 4368 tautam
796 4313 902 4368 eaedem
913 4313 1006 4383 edidit,
1024 4321 1053 4368 ut
1063 4313 1097 4370 da
1108 4319 1210 4368 uentum
1221 4318 1250 4366 et
1260 4311 1308 4366 tri·
