<?xml version="1.0" encoding="UTF-8"?>
<!DOCTYPE html PUBLIC "-//W3C//DTD XHTML 1.0 Transitional//EN"
    "http://www.w3.org/TR/xhtml1/DTD/xhtml1-transitional.dtd">
<html xmlns="http://www.w3.org/1999/xhtml" xml:lang="en" lang="en">
 <head>
  <title>
</title>
<meta http-equiv="Content-Type" content="text/html;charset=utf-8" />
  <meta name='ocr-system' content='tesseract 3.04.00' />
  <meta name='ocr-capabilities' content='ocr_page ocr_carea ocr_par ocr_line ocrx_word'/>
</head>
<body>
  <div class='ocr_page' id='page_1' title='image "./corpusscriptoru21theogoog/corpusscriptoru21theogoog_0466.png"; bbox 0 0 3025 4892; ppageno 0'>
   <div class='ocr_carea' id='block_1_1' title="bbox 247 273 940 351">
    <p class='ocr_par' dir='ltr' id='par_1_1' title="bbox 247 273 940 351">
     <span class='ocr_line' id='line_1_1' title="bbox 247 273 940 351; baseline -0.01 -1"><span class='ocrx_word' id='word_1_1' title='bbox 247 273 326 351; x_wconf 81' lang='grc'><strong>110</strong></span> <span class='ocrx_word' id='word_1_2' title='bbox 662 273 940 345; x_wconf 78' lang='lat' dir='ltr'><strong>REITEMEIERI</strong></span> 
     </span>
    </p>
   </div>
   <div class='ocr_carea' id='block_1_2' title="bbox 194 437 1364 2828">
    <p class='ocr_par' dir='ltr' id='par_1_2' title="bbox 247 437 1353 592">
     <span class='ocr_line' id='line_1_2' title="bbox 247 437 1353 522; baseline -0.004 -16"><span class='ocrx_word' id='word_1_3' title='bbox 247 463 356 506; x_wconf 84' lang='lat' dir='ltr'><strong>menos</strong></span> <span class='ocrx_word' id='word_1_4' title='bbox 373 444 500 504; x_wconf 79' lang='lat' dir='ltr'><strong>victores</strong></span> <span class='ocrx_word' id='word_1_5' title='bbox 521 443 616 504; x_wconf 80' lang='lat' dir='ltr'><strong>inisse</strong></span> <span class='ocrx_word' id='word_1_6' title='bbox 632 445 784 504; x_wconf 82' lang='lat' dir='ltr'><strong>Romanos</strong></span> <span class='ocrx_word' id='word_1_7' title='bbox 804 441 943 522; x_wconf 84' lang='lat' dir='ltr'><strong>tradant,</strong></span> <span class='ocrx_word' id='word_1_8' title='bbox 978 437 1137 504; x_wconf 73' lang='lat' dir='ltr'><strong>eteoclem</strong></span> <span class='ocrx_word' id='word_1_9' title='bbox 1161 443 1303 504; x_wconf 66' lang='lat' dir='ltr'><strong>victorin</strong></span> <span class='ocrx_word' id='word_1_10' title='bbox 1320 443 1353 502; x_wconf 92' lang='lat' dir='ltr'><strong>in</strong></span> 
     </span>
     <span class='ocr_line' id='line_1_3' title="bbox 248 529 553 592; baseline -0.013 0"><span class='ocrx_word' id='word_1_11' title='bbox 248 529 381 592; x_wconf 77' lang='lat' dir='ltr'><strong>Thracia</strong></span> <span class='ocrx_word' id='word_1_12' title='bbox 394 532 553 590; x_wconf 87' lang='lat' dir='ltr'><strong>oollooant.</strong></span> 
     </span>
    </p>

    <p class='ocr_par' dir='ltr' id='par_1_3' title="bbox 248 609 1354 846">
     <span class='ocr_line' id='line_1_4' title="bbox 333 609 1354 696; baseline -0.003 -22"><span class='ocrx_word' id='word_1_13' title='bbox 333 637 365 696; x_wconf 85' lang='lat' dir='ltr'><strong>p.</strong></span> <span class='ocrx_word' id='word_1_14' title='bbox 379 620 441 680; x_wconf 88' lang='grc'><strong>277</strong></span> <span class='ocrx_word' id='word_1_15' title='bbox 454 635 484 674; x_wconf 80' lang='lat' dir='ltr'><strong>v.</strong></span> <span class='ocrx_word' id='word_1_16' title='bbox 500 619 550 678; x_wconf 82' lang='lat'><strong>18.</strong></span> <span class='ocrx_word' id='word_1_17' title='bbox 595 611 743 673; x_wconf 86' lang='lat' dir='ltr'><strong>eiusmodi</strong></span> <span class='ocrx_word' id='word_1_18' title='bbox 760 615 818 672; x_wconf 87' lang='lat' dir='ltr'><strong>alia</strong></span> <span class='ocrx_word' id='word_1_19' title='bbox 836 615 868 672; x_wconf 89' lang='lat' dir='ltr'><strong>in</strong></span> <span class='ocrx_word' id='word_1_20' title='bbox 885 617 1053 695; x_wconf 88' lang='lat' dir='ltr'><strong>prinoipem</strong></span> <span class='ocrx_word' id='word_1_21' title='bbox 1074 611 1156 672; x_wconf 90' lang='lat' dir='ltr'><strong>huno</strong></span> <span class='ocrx_word' id='word_1_22' title='bbox 1176 609 1267 672; x_wconf 80' lang='lat' dir='ltr'><strong>verba</strong></span> <span class='ocrx_word' id='word_1_23' title='bbox 1290 614 1354 672; x_wconf 89' lang='lat' dir='ltr'><strong>ini-</strong></span> 
     </span>
     <span class='ocr_line' id='line_1_5' title="bbox 248 697 1352 781; baseline -0.003 -19"><span class='ocrx_word' id='word_1_24' title='bbox 248 704 327 762; x_wconf 79' lang='lat' dir='ltr'><strong>enies</strong></span> <span class='ocrx_word' id='word_1_25' title='bbox 344 699 414 760; x_wconf 86' lang='lat' dir='ltr'><strong>vids</strong></span> <span class='ocrx_word' id='word_1_26' title='bbox 429 704 463 760; x_wconf 88' lang='lat' dir='ltr'><strong>in</strong></span> <span class='ocrx_word' id='word_1_27' title='bbox 476 702 594 760; x_wconf 80' lang='lat' dir='ltr'><strong>Comm.</strong></span> <span class='ocrx_word' id='word_1_28' title='bbox 610 697 649 758; x_wconf 89' lang='lat' dir='ltr'><strong>ad</strong></span> <span class='ocrx_word' id='word_1_29' title='bbox 661 701 683 758; x_wconf 86' lang='lat'><strong>1.</strong></span> <span class='ocrx_word' id='word_1_30' title='bbox 699 703 719 762; x_wconf 89' lang='grc'><strong>8</strong></span> <span class='ocrx_word' id='word_1_31' title='bbox 732 698 799 759; x_wconf 86' lang='lat' dir='ltr'><strong>eod.</strong></span> <span class='ocrx_word' id='word_1_32' title='bbox 814 697 934 759; x_wconf 87' lang='lat' dir='ltr'><strong>Theod.</strong></span> <span class='ocrx_word' id='word_1_33' title='bbox 955 701 995 760; x_wconf 86' lang='lat' dir='ltr'><strong>ad</strong></span> <span class='ocrx_word' id='word_1_34' title='bbox 1006 705 1080 781; x_wconf 78' lang='lat' dir='ltr'><strong>hog.</strong></span> <span class='ocrx_word' id='word_1_35' title='bbox 1097 701 1187 760; x_wconf 85' lang='lat' dir='ltr'><strong>Corn.</strong></span> <span class='ocrx_word' id='word_1_36' title='bbox 1208 697 1245 757; x_wconf 88' lang='lat' dir='ltr'><strong>de</strong></span> <span class='ocrx_word' id='word_1_37' title='bbox 1263 700 1352 759; x_wconf 83' lang='lat' dir='ltr'><strong>sioar.</strong></span> 
     </span>
     <span class='ocr_line' id='line_1_6' title="bbox 248 789 361 846; baseline -0.018 0"><span class='ocrx_word' id='word_1_38' title='bbox 248 789 361 846; x_wconf 63' lang='grc' dir='ltr'><strong>Κίτιον.</strong></span> 
     </span>
    </p>

    <p class='ocr_par' dir='ltr' id='par_1_4' title="bbox 247 867 1351 1036">
     <span class='ocr_line' id='line_1_7' title="bbox 334 867 1351 949; baseline 0 -21"><span class='ocrx_word' id='word_1_39' title='bbox 334 870 376 928; x_wconf 88' lang='lat' dir='ltr'><strong>ib.</strong></span> <span class='ocrx_word' id='word_1_40' title='bbox 393 889 423 930; x_wconf 86' lang='lat' dir='ltr'><strong>r.</strong></span> <span class='ocrx_word' id='word_1_41' title='bbox 435 873 487 934; x_wconf 88' lang='grc'><strong>20.</strong></span> <span class='ocrx_word' id='word_1_42' title='bbox 530 871 699 930; x_wconf 81' lang='lat' dir='ltr'><strong>Sozomeno</strong></span> <span class='ocrx_word' id='word_1_43' title='bbox 713 873 734 935; x_wconf 88' lang='lat'>8</span> <span class='ocrx_word' id='word_1_44' title='bbox 755 868 797 934; x_wconf 86' lang='grc'><strong>25</strong></span> <span class='ocrx_word' id='word_1_45' title='bbox 812 879 841 927; x_wconf 85' lang='lat' dir='ltr'><strong>et</strong></span> <span class='ocrx_word' id='word_1_46' title='bbox 854 867 1054 949; x_wconf 85' lang='lat' dir='ltr'><strong>Philostorgio</strong></span> <span class='ocrx_word' id='word_1_47' title='bbox 1074 873 1110 932; x_wconf 90' lang='lat'><strong>11</strong></span> <span class='ocrx_word' id='word_1_48' title='bbox 1135 872 1155 932; x_wconf 83' lang='lat'>8</span> <span class='ocrx_word' id='word_1_49' title='bbox 1172 869 1351 945; x_wconf 79' lang='lat' dir='ltr'><strong>auctoribus,</strong></span> 
     </span>
     <span class='ocr_line' id='line_1_8' title="bbox 247 955 1199 1036; baseline -0.007 -18"><span class='ocrx_word' id='word_1_50' title='bbox 247 955 380 1018; x_wconf 80' lang='lat' dir='ltr'><strong>Thracia</strong></span> <span class='ocrx_word' id='word_1_51' title='bbox 394 957 432 1014; x_wconf 91' lang='lat' dir='ltr'><strong>ab</strong></span> <span class='ocrx_word' id='word_1_52' title='bbox 447 959 576 1030; x_wconf 84' lang='lat' dir='ltr'><strong>Hunnis,</strong></span> <span class='ocrx_word' id='word_1_53' title='bbox 597 958 651 1036; x_wconf 89' lang='lat' dir='ltr'><strong>qui</strong></span> <span class='ocrx_word' id='word_1_54' title='bbox 668 959 779 1014; x_wconf 85' lang='lat' dir='ltr'><strong>Istrum</strong></span> <span class='ocrx_word' id='word_1_55' title='bbox 793 958 980 1031; x_wconf 81' lang='lat' dir='ltr'><strong>traiecerant,</strong></span> <span class='ocrx_word' id='word_1_56' title='bbox 1002 964 1116 1014; x_wconf 86' lang='lat' dir='ltr'><strong>vastata</strong></span> <span class='ocrx_word' id='word_1_57' title='bbox 1131 956 1199 1012; x_wconf 84' lang='lat' dir='ltr'><strong>fuit.</strong></span> 
     </span>
    </p>

    <p class='ocr_par' dir='ltr' id='par_1_5' title="bbox 246 1038 1364 1550">
     <span class='ocr_line' id='line_1_9' title="bbox 332 1038 1354 1122; baseline -0.001 -24"><span class='ocrx_word' id='word_1_58' title='bbox 332 1063 363 1122; x_wconf 84' lang='lat' dir='ltr'><strong>p.</strong></span> <span class='ocrx_word' id='word_1_59' title='bbox 379 1045 441 1106; x_wconf 87' lang='grc'><strong>278</strong></span> <span class='ocrx_word' id='word_1_60' title='bbox 457 1061 486 1098; x_wconf 85' lang='lat' dir='ltr'><strong>r.</strong></span> <span class='ocrx_word' id='word_1_61' title='bbox 500 1045 531 1104; x_wconf 89' lang='grc'><strong>2.</strong></span> <span class='ocrx_word' id='word_1_62' title='bbox 575 1042 720 1119; x_wconf 78' lang='lat' dir='ltr'><strong>agebatur</strong></span> <span class='ocrx_word' id='word_1_63' title='bbox 740 1044 773 1098; x_wconf 91' lang='lat' dir='ltr'><strong>in</strong></span> <span class='ocrx_word' id='word_1_64' title='bbox 792 1042 859 1100; x_wconf 87' lang='lat' dir='ltr'><strong>loeo</strong></span> <span class='ocrx_word' id='word_1_65' title='bbox 876 1041 1019 1100; x_wconf 81' lang='lat' dir='ltr'><strong>lacunoso</strong></span> <span class='ocrx_word' id='word_1_66' title='bbox 1034 1042 1071 1100; x_wconf 82' lang='lat' dir='ltr'><strong>de</strong></span> <span class='ocrx_word' id='word_1_67' title='bbox 1086 1038 1223 1098; x_wconf 72' lang='lat' dir='ltr'><strong>exulibus</strong></span> <span class='ocrx_word' id='word_1_68' title='bbox 1241 1041 1354 1098; x_wconf 83' lang='lat' dir='ltr'><strong>Satur-</strong></span> 
     </span>
     <span class='ocr_line' id='line_1_10' title="bbox 247 1126 1354 1206; baseline -0.004 -20"><span class='ocrx_word' id='word_1_69' title='bbox 247 1129 320 1186; x_wconf 74' lang='lat' dir='ltr'><strong>nino</strong></span> <span class='ocrx_word' id='word_1_70' title='bbox 334 1139 362 1185; x_wconf 83' lang='lat' dir='ltr'><strong>et</strong></span> <span class='ocrx_word' id='word_1_71' title='bbox 375 1126 546 1184; x_wconf 72' lang='lat' dir='ltr'><strong>Aureliano</strong></span> <span class='ocrx_word' id='word_1_72' title='bbox 568 1128 607 1184; x_wconf 86' lang='lat' dir='ltr'><strong>of.</strong></span> <span class='ocrx_word' id='word_1_73' title='bbox 620 1146 687 1205; x_wconf 89' lang='lat' dir='ltr'><strong>sup.</strong></span> <span class='ocrx_word' id='word_1_74' title='bbox 704 1145 735 1206; x_wconf 89' lang='lat' dir='ltr'><strong>p.</strong></span> <span class='ocrx_word' id='word_1_75' title='bbox 750 1129 810 1190; x_wconf 85' lang='grc'><strong>271</strong></span> <span class='ocrx_word' id='word_1_76' title='bbox 827 1127 893 1184; x_wconf 88' lang='lat' dir='ltr'><strong>init.</strong></span> <span class='ocrx_word' id='word_1_77' title='bbox 916 1130 959 1186; x_wconf 87' lang='lat' dir='ltr'><strong>sio</strong></span> <span class='ocrx_word' id='word_1_78' title='bbox 973 1137 1003 1185; x_wconf 86' lang='lat' dir='ltr'><strong>et</strong></span> <span class='ocrx_word' id='word_1_79' title='bbox 1016 1127 1193 1184; x_wconf 88' lang='lat' dir='ltr'><strong>Tillemont.</strong></span> <span class='ocrx_word' id='word_1_80' title='bbox 1212 1128 1243 1181; x_wconf 91' lang='lat' dir='ltr'><strong>in</strong></span> <span class='ocrx_word' id='word_1_81' title='bbox 1257 1127 1354 1182; x_wconf 83' lang='lat' dir='ltr'><strong>Aroa-</strong></span> 
     </span>
     <span class='ocr_line' id='line_1_11' title="bbox 247 1209 1354 1292; baseline -0.003 -20"><span class='ocrx_word' id='word_1_82' title='bbox 247 1211 298 1272; x_wconf 85' lang='lat' dir='ltr'><strong>dio</strong></span> <span class='ocrx_word' id='word_1_83' title='bbox 313 1223 369 1271; x_wconf 83' lang='lat' dir='ltr'><strong>art.</strong></span> <span class='ocrx_word' id='word_1_84' title='bbox 386 1216 424 1276; x_wconf 83' lang='lat'><strong>18</strong></span> <span class='ocrx_word' id='word_1_85' title='bbox 438 1222 468 1269; x_wconf 91' lang='lat' dir='ltr'><strong>et</strong></span> <span class='ocrx_word' id='word_1_86' title='bbox 481 1222 553 1270; x_wconf 87' lang='lat' dir='ltr'><strong>nota</strong></span> <span class='ocrx_word' id='word_1_87' title='bbox 568 1213 620 1276; x_wconf 84' lang='grc'><strong>25.</strong></span> <span class='ocrx_word' id='word_1_88' title='bbox 664 1210 738 1292; x_wconf 85' lang='lat' dir='ltr'><strong>qnid</strong></span> <span class='ocrx_word' id='word_1_89' title='bbox 759 1222 860 1272; x_wconf 88' lang='lat' dir='ltr'><strong>antem</strong></span> <span class='ocrx_word' id='word_1_90' title='bbox 881 1233 986 1289; x_wconf 79' lang='lat' dir='ltr'><strong>eornm</strong></span> <span class='ocrx_word' id='word_1_91' title='bbox 1005 1211 1118 1270; x_wconf 89' lang='lat' dir='ltr'><strong>reditus</strong></span> <span class='ocrx_word' id='word_1_92' title='bbox 1141 1209 1180 1268; x_wconf 92' lang='lat' dir='ltr'><strong>ad</strong></span> <span class='ocrx_word' id='word_1_93' title='bbox 1192 1209 1354 1269; x_wconf 79' lang='lat' dir='ltr'><strong>Eudoxias</strong></span> 
     </span>
     <span class='ocr_line' id='line_1_12' title="bbox 246 1296 1354 1376; baseline -0.003 -19"><span class='ocrx_word' id='word_1_94' title='bbox 246 1297 353 1358; x_wconf 84' lang='lat' dir='ltr'><strong>odium</strong></span> <span class='ocrx_word' id='word_1_95' title='bbox 371 1299 403 1354; x_wconf 89' lang='lat' dir='ltr'><strong>in</strong></span> <span class='ocrx_word' id='word_1_96' title='bbox 422 1300 567 1355; x_wconf 88' lang='lat' dir='ltr'><strong>ioannem</strong></span> <span class='ocrx_word' id='word_1_97' title='bbox 581 1296 829 1376; x_wconf 79' lang='lat' dir='ltr'><strong>Chrysostomnm</strong></span> <span class='ocrx_word' id='word_1_98' title='bbox 844 1297 1094 1356; x_wconf 86' lang='lat' dir='ltr'><strong>inflammandum</strong></span> <span class='ocrx_word' id='word_1_99' title='bbox 1109 1298 1257 1370; x_wconf 86' lang='lat' dir='ltr'><strong>attulerit,</strong></span> <span class='ocrx_word' id='word_1_100' title='bbox 1289 1315 1354 1354; x_wconf 88' lang='lat' dir='ltr'><strong>nou</strong></span> 
     </span>
     <span class='ocr_line' id='line_1_13' title="bbox 247 1380 1354 1464; baseline -0.002 -22"><span class='ocrx_word' id='word_1_101' title='bbox 247 1387 321 1442; x_wconf 86' lang='lat' dir='ltr'><strong>satis</strong></span> <span class='ocrx_word' id='word_1_102' title='bbox 334 1392 458 1441; x_wconf 81' lang='lat' dir='ltr'><strong>constat.</strong></span> <span class='ocrx_word' id='word_1_103' title='bbox 503 1394 676 1462; x_wconf 86' lang='lat' dir='ltr'><strong>suspectum</strong></span> <span class='ocrx_word' id='word_1_104' title='bbox 687 1401 760 1441; x_wconf 83' lang='lat' dir='ltr'><strong>sane</strong></span> <span class='ocrx_word' id='word_1_105' title='bbox 774 1380 856 1442; x_wconf 90' lang='lat' dir='ltr'><strong>huno</strong></span> <span class='ocrx_word' id='word_1_106' title='bbox 869 1385 1006 1464; x_wconf 81' lang='lat' dir='ltr'><strong>Augusta</strong></span> <span class='ocrx_word' id='word_1_107' title='bbox 1022 1381 1153 1442; x_wconf 85' lang='lat' dir='ltr'><strong>habebat</strong></span> <span class='ocrx_word' id='word_1_108' title='bbox 1168 1382 1206 1441; x_wconf 94' lang='lat' dir='ltr'><strong>ob</strong></span> <span class='ocrx_word' id='word_1_109' title='bbox 1222 1385 1354 1460; x_wconf 81' lang='lat' dir='ltr'><strong>gratiana</strong></span> 
     </span>
     <span class='ocr_line' id='line_1_14' title="bbox 247 1466 1364 1550; baseline -0.003 -23"><span class='ocrx_word' id='word_1_110' title='bbox 247 1487 308 1550; x_wconf 86' lang='lat' dir='ltr'><strong>que</strong></span> <span class='ocrx_word' id='word_1_111' title='bbox 321 1466 403 1547; x_wconf 81' lang='lat' dir='ltr'><strong>epod</strong></span> <span class='ocrx_word' id='word_1_112' title='bbox 420 1468 547 1526; x_wconf 85' lang='lat' dir='ltr'><strong>Gainam</strong></span> <span class='ocrx_word' id='word_1_113' title='bbox 566 1480 639 1527; x_wconf 87' lang='lat' dir='ltr'><strong>erat.</strong></span> <span class='ocrx_word' id='word_1_114' title='bbox 682 1469 730 1526; x_wconf 89' lang='grc' dir='ltr'><strong>Η.</strong></span> <span class='ocrx_word' id='word_1_115' title='bbox 1355 1503 1364 1524; x_wconf 88' lang='grc'><strong>.</strong></span> 
     </span>
    </p>

    <p class='ocr_par' dir='ltr' id='par_1_6' title="bbox 247 1549 1354 1720">
     <span class='ocr_line' id='line_1_15' title="bbox 318 1549 1354 1633; baseline 0.005 -22"><span class='ocrx_word' id='word_1_116' title='bbox 318 1552 373 1611; x_wconf 73' lang='lat' dir='ltr'><strong>hb.</strong></span> <span class='ocrx_word' id='word_1_117' title='bbox 391 1573 421 1612; x_wconf 83' lang='lat' dir='ltr'><strong>v.</strong></span> <span class='ocrx_word' id='word_1_118' title='bbox 438 1552 468 1616; x_wconf 81' lang='grc'><strong>8.</strong></span> <span class='ocrx_word' id='word_1_119' title='bbox 511 1552 574 1612; x_wconf 86' lang='lat' dir='ltr'><strong>rid.</strong></span> <span class='ocrx_word' id='word_1_120' title='bbox 589 1575 614 1612; x_wconf 90' lang='grc' dir='ltr'><strong>ο.</strong></span> <span class='ocrx_word' id='word_1_121' title='bbox 629 1559 671 1618; x_wconf 81' lang='grc'><strong>20</strong></span> <span class='ocrx_word' id='word_1_122' title='bbox 685 1555 752 1611; x_wconf 88' lang='lat' dir='ltr'><strong>init.</strong></span> <span class='ocrx_word' id='word_1_123' title='bbox 774 1563 804 1612; x_wconf 85' lang='lat' dir='ltr'><strong>et</strong></span> <span class='ocrx_word' id='word_1_124' title='bbox 826 1553 869 1612; x_wconf 89' lang='lat' dir='ltr'><strong>ibi</strong></span> <span class='ocrx_word' id='word_1_125' title='bbox 881 1552 998 1614; x_wconf 82' lang='lat' dir='ltr'><strong>videbis</strong></span> <span class='ocrx_word' id='word_1_126' title='bbox 1013 1554 1104 1612; x_wconf 85' lang='lat' dir='ltr'><strong>etiam</strong></span> <span class='ocrx_word' id='word_1_127' title='bbox 1121 1552 1207 1631; x_wconf 83' lang='lat' dir='ltr'><strong>iungi</strong></span> <span class='ocrx_word' id='word_1_128' title='bbox 1221 1549 1275 1616; x_wconf 73' lang='grc' dir='ltr'><strong>τᾶν</strong></span> <span class='ocrx_word' id='word_1_129' title='bbox 1290 1553 1354 1633; x_wconf 80' lang='grc' dir='ltr'><strong>βο-</strong></span> 
     </span>
     <span class='ocr_line' id='line_1_16' title="bbox 247 1633 890 1720; baseline -0.014 -18"><span class='ocrx_word' id='word_1_130' title='bbox 247 1635 331 1702; x_wconf 72' lang='lat' dir='ltr'><strong>astte</strong></span> <span class='ocrx_word' id='word_1_131' title='bbox 345 1637 398 1710; x_wconf 68' lang='grc' dir='ltr'><strong>καὶ,</strong></span> <span class='ocrx_word' id='word_1_132' title='bbox 413 1633 469 1718; x_wconf 76' lang='grc' dir='ltr'><strong>τήν</strong></span> <span class='ocrx_word' id='word_1_133' title='bbox 482 1643 653 1720; x_wconf 70' lang='grc' dir='ltr'><strong>γερουσίαν.</strong></span> <span class='ocrx_word' id='word_1_134' title='bbox 696 1640 808 1696; x_wconf 81' lang='lat' dir='ltr'><strong>Ritter.</strong></span> <span class='ocrx_word' id='word_1_135' title='bbox 886 1637 890 1654; x_wconf 74' lang='lat'>⁸</span> 
     </span>
    </p>

    <p class='ocr_par' dir='ltr' id='par_1_7' title="bbox 194 1719 1353 2147">
     <span class='ocr_line' id='line_1_17' title="bbox 330 1719 1353 1804; baseline -0.002 -22"><span class='ocrx_word' id='word_1_136' title='bbox 330 1723 372 1782; x_wconf 77' lang='lat' dir='ltr'><strong>ib.</strong></span> <span class='ocrx_word' id='word_1_137' title='bbox 396 1744 426 1783; x_wconf 83' lang='lat' dir='ltr'><strong>v.</strong></span> <span class='ocrx_word' id='word_1_138' title='bbox 451 1729 501 1789; x_wconf 91' lang='lat'><strong>16.</strong></span> <span class='ocrx_word' id='word_1_139' title='bbox 541 1727 565 1783; x_wconf 95' lang='lat' dir='ltr'><strong>l.</strong></span> <span class='ocrx_word' id='word_1_140' title='bbox 582 1727 623 1789; x_wconf 91' lang='lat'><strong>11</strong></span> <span class='ocrx_word' id='word_1_141' title='bbox 644 1723 682 1783; x_wconf 88' lang='lat' dir='ltr'><strong>de</strong></span> <span class='ocrx_word' id='word_1_142' title='bbox 702 1727 818 1804; x_wconf 86' lang='lat' dir='ltr'><strong>Pagan.</strong></span> <span class='ocrx_word' id='word_1_143' title='bbox 843 1735 874 1782; x_wconf 85' lang='lat' dir='ltr'><strong>et</strong></span> <span class='ocrx_word' id='word_1_144' title='bbox 894 1723 937 1783; x_wconf 92' lang='lat' dir='ltr'><strong>ibi</strong></span> <span class='ocrx_word' id='word_1_145' title='bbox 954 1721 1132 1783; x_wconf 80' lang='lat' dir='ltr'><strong>Gothofrsd.</strong></span> <span class='ocrx_word' id='word_1_146' title='bbox 1151 1743 1187 1781; x_wconf 91' lang='lat' dir='ltr'><strong>ao</strong></span> <span class='ocrx_word' id='word_1_147' title='bbox 1206 1724 1228 1782; x_wconf 90' lang='lat' dir='ltr'><strong>l.</strong></span> <span class='ocrx_word' id='word_1_148' title='bbox 1249 1726 1291 1787; x_wconf 88' lang='grc'><strong>87</strong></span> <span class='ocrx_word' id='word_1_149' title='bbox 1311 1719 1353 1781; x_wconf 80' lang='lat' dir='ltr'><strong>da</strong></span> 
     </span>
     <span class='ocr_line' id='line_1_18' title="bbox 244 1807 1353 1890; baseline -0.005 -20"><span class='ocrx_word' id='word_1_150' title='bbox 244 1809 386 1890; x_wconf 76' lang='lat' dir='ltr'><strong>Episoop.</strong></span> <span class='ocrx_word' id='word_1_151' title='bbox 402 1811 487 1869; x_wconf 83' lang='lat' dir='ltr'><strong>stibi</strong></span> <span class='ocrx_word' id='word_1_152' title='bbox 503 1811 619 1870; x_wconf 78' lang='lat' dir='ltr'><strong>comm.</strong></span> <span class='ocrx_word' id='word_1_153' title='bbox 643 1811 753 1868; x_wconf 82' lang='lat' dir='ltr'><strong>Riuer.</strong></span> <span class='ocrx_word' id='word_1_154' title='bbox 806 1819 920 1888; x_wconf 84' lang='lat' dir='ltr'><strong>spectat</strong></span> <span class='ocrx_word' id='word_1_155' title='bbox 936 1831 983 1869; x_wconf 87' lang='lat' dir='ltr'><strong>res</strong></span> <span class='ocrx_word' id='word_1_156' title='bbox 1000 1810 1038 1869; x_wconf 89' lang='lat' dir='ltr'><strong>ad</strong></span> <span class='ocrx_word' id='word_1_157' title='bbox 1055 1807 1249 1869; x_wconf 84' lang='lat' dir='ltr'><strong>Theodosiil</strong></span> <span class='ocrx_word' id='word_1_158' title='bbox 1270 1819 1353 1866; x_wconf 86' lang='lat' dir='ltr'><strong>tem-</strong></span> 
     </span>
     <span class='ocr_line' id='line_1_19' title="bbox 194 1891 1351 1975; baseline -0.007 -14"><span class='ocrx_word' id='word_1_159' title='bbox 194 1891 201 1904; x_wconf 78' lang='grc'><strong>’</strong></span> <span class='ocrx_word' id='word_1_160' title='bbox 244 1913 337 1974; x_wconf 68' lang='lat' dir='ltr'><strong>pora,</strong></span> <span class='ocrx_word' id='word_1_161' title='bbox 367 1915 395 1952; x_wconf 66' lang='lat' dir='ltr'><strong>a·</strong></span> <span class='ocrx_word' id='word_1_162' title='bbox 415 1899 476 1960; x_wconf 84' lang='grc'><strong>889</strong></span> <span class='ocrx_word' id='word_1_163' title='bbox 495 1899 582 1958; x_wconf 87' lang='lat' dir='ltr'><strong>initio</strong></span> <span class='ocrx_word' id='word_1_164' title='bbox 596 1898 676 1955; x_wconf 82' lang='lat' dir='ltr'><strong>facto</strong></span> <span class='ocrx_word' id='word_1_165' title='bbox 691 1916 708 1954; x_wconf 90' lang='lat' dir='ltr'><strong>a</strong></span> <span class='ocrx_word' id='word_1_166' title='bbox 722 1893 833 1954; x_wconf 88' lang='lat' dir='ltr'><strong>Baoohi</strong></span> <span class='ocrx_word' id='word_1_167' title='bbox 848 1897 971 1975; x_wconf 85' lang='lat' dir='ltr'><strong>templo.</strong></span> <span class='ocrx_word' id='word_1_168' title='bbox 1015 1915 1044 1955; x_wconf 81' lang='lat' dir='ltr'><strong>v.</strong></span> <span class='ocrx_word' id='word_1_169' title='bbox 1061 1897 1128 1955; x_wconf 89' lang='lat' dir='ltr'><strong>iooa</strong></span> <span class='ocrx_word' id='word_1_170' title='bbox 1143 1896 1303 1954; x_wconf 83' lang='lat' dir='ltr'><strong>Sozomeni</strong></span> <span class='ocrx_word' id='word_1_171' title='bbox 1317 1903 1351 1953; x_wconf 87' lang='lat' dir='ltr'><strong>et</strong></span> 
     </span>
     <span class='ocr_line' id='line_1_20' title="bbox 245 1979 1350 2062; baseline 0.002 -25"><span class='ocrx_word' id='word_1_172' title='bbox 245 1981 375 2039; x_wconf 83' lang='lat' dir='ltr'><strong>aliorum</strong></span> <span class='ocrx_word' id='word_1_173' title='bbox 390 2000 439 2060; x_wconf 87' lang='lat' dir='ltr'><strong>ap.</strong></span> <span class='ocrx_word' id='word_1_174' title='bbox 453 1983 631 2040; x_wconf 88' lang='lat' dir='ltr'><strong>Tillemont.</strong></span> <span class='ocrx_word' id='word_1_175' title='bbox 649 1985 682 2039; x_wconf 89' lang='lat' dir='ltr'><strong>in</strong></span> <span class='ocrx_word' id='word_1_176' title='bbox 698 1979 872 2042; x_wconf 83' lang='lat' dir='ltr'><strong>Theodosio</strong></span> <span class='ocrx_word' id='word_1_177' title='bbox 888 1991 942 2039; x_wconf 89' lang='lat' dir='ltr'><strong>art.</strong></span> <span class='ocrx_word' id='word_1_178' title='bbox 961 1981 1003 2046; x_wconf 86' lang='grc'><strong>52</strong></span> <span class='ocrx_word' id='word_1_179' title='bbox 1015 1999 1082 2062; x_wconf 84' lang='lat' dir='ltr'><strong>sqq.</strong></span> <span class='ocrx_word' id='word_1_180' title='bbox 1104 1985 1232 2040; x_wconf 89' lang='lat' dir='ltr'><strong>loannes</strong></span> <span class='ocrx_word' id='word_1_181' title='bbox 1245 1981 1350 2039; x_wconf 88' lang='lat' dir='ltr'><strong>exulat</strong></span> 
     </span>
     <span class='ocr_line' id='line_1_21' title="bbox 244 2065 1301 2147; baseline -0.001 -24"><span class='ocrx_word' id='word_1_182' title='bbox 244 2081 274 2128; x_wconf 78' lang='lat' dir='ltr'><strong>s.</strong></span> <span class='ocrx_word' id='word_1_183' title='bbox 290 2065 362 2129; x_wconf 81' lang='grc'><strong>101.</strong></span> <span class='ocrx_word' id='word_1_184' title='bbox 405 2067 609 2126; x_wconf 83' lang='lat' dir='ltr'><strong>memorabilis</strong></span> <span class='ocrx_word' id='word_1_185' title='bbox 625 2069 766 2126; x_wconf 77' lang='lat' dir='ltr'><strong>cetloous</strong></span> <span class='ocrx_word' id='word_1_186' title='bbox 781 2069 833 2146; x_wconf 86' lang='lat' dir='ltr'><strong>qni</strong></span> <span class='ocrx_word' id='word_1_187' title='bbox 849 2067 1032 2147; x_wconf 82' lang='lat' dir='ltr'><strong>sequiturde</strong></span> <span class='ocrx_word' id='word_1_188' title='bbox 1046 2066 1211 2125; x_wconf 79' lang='lat' dir='ltr'><strong>monocln&#39;s.</strong></span> <span class='ocrx_word' id='word_1_189' title='bbox 1255 2067 1301 2122; x_wconf 88' lang='lat' dir='ltr'><strong>H.</strong></span> 
     </span>
    </p>

    <p class='ocr_par' dir='ltr' id='par_1_8' title="bbox 241 2148 1349 2549">
     <span class='ocr_line' id='line_1_22' title="bbox 329 2148 1349 2231; baseline 0.002 -25"><span class='ocrx_word' id='word_1_190' title='bbox 329 2149 372 2208; x_wconf 85' lang='lat' dir='ltr'><strong>ib.</strong></span> <span class='ocrx_word' id='word_1_191' title='bbox 389 2169 418 2210; x_wconf 85' lang='lat' dir='ltr'><strong>r.</strong></span> <span class='ocrx_word' id='word_1_192' title='bbox 434 2155 486 2215; x_wconf 85' lang='grc'><strong>23.</strong></span> <span class='ocrx_word' id='word_1_193' title='bbox 530 2151 592 2209; x_wconf 84' lang='lat' dir='ltr'><strong>vid.</strong></span> <span class='ocrx_word' id='word_1_194' title='bbox 606 2153 712 2212; x_wconf 82' lang='lat' dir='ltr'><strong>Liban.</strong></span> <span class='ocrx_word' id='word_1_195' title='bbox 734 2162 810 2211; x_wconf 87' lang='lat' dir='ltr'><strong>orat.</strong></span> <span class='ocrx_word' id='word_1_196' title='bbox 826 2172 882 2230; x_wconf 89' lang='lat' dir='ltr'><strong>pro</strong></span> <span class='ocrx_word' id='word_1_197' title='bbox 900 2153 1020 2231; x_wconf 85' lang='lat' dir='ltr'><strong>templis</strong></span> <span class='ocrx_word' id='word_1_198' title='bbox 1042 2173 1072 2231; x_wconf 87' lang='lat' dir='ltr'><strong>p.</strong></span> <span class='ocrx_word' id='word_1_199' title='bbox 1090 2153 1152 2216; x_wconf 74' lang='lat'><strong>475</strong></span> <span class='ocrx_word' id='word_1_200' title='bbox 1176 2148 1224 2210; x_wconf 80' lang='lat' dir='ltr'><strong>ed.</strong></span> <span class='ocrx_word' id='word_1_201' title='bbox 1242 2153 1349 2210; x_wconf 84' lang='lat' dir='ltr'><strong>Trotz.</strong></span> 
     </span>
     <span class='ocr_line' id='line_1_23' title="bbox 244 2234 1348 2317; baseline 0 -23"><span class='ocrx_word' id='word_1_202' title='bbox 244 2234 335 2294; x_wconf 83' lang='lat' dir='ltr'><strong>stibi</strong></span> <span class='ocrx_word' id='word_1_203' title='bbox 357 2237 423 2294; x_wconf 88' lang='lat' dir='ltr'><strong>looa</strong></span> <span class='ocrx_word' id='word_1_204' title='bbox 446 2235 647 2296; x_wconf 78' lang='lat' dir='ltr'><strong>aGodofred.</strong></span> <span class='ocrx_word' id='word_1_205' title='bbox 669 2239 794 2296; x_wconf 83' lang='lat' dir='ltr'><strong>collecta</strong></span> <span class='ocrx_word' id='word_1_206' title='bbox 815 2247 845 2294; x_wconf 83' lang='lat' dir='ltr'><strong>et</strong></span> <span class='ocrx_word' id='word_1_207' title='bbox 864 2239 1002 2317; x_wconf 81' lang='lat' dir='ltr'>inprimis</span> <span class='ocrx_word' id='word_1_208' title='bbox 1023 2239 1193 2315; x_wconf 80' lang='lat' dir='ltr'><strong>elegantem</strong></span> <span class='ocrx_word' id='word_1_209' title='bbox 1215 2237 1348 2316; x_wconf 88' lang='lat' dir='ltr'><strong>Eunapii</strong></span> 
     </span>
     <span class='ocr_line' id='line_1_24' title="bbox 242 2320 1278 2402; baseline -0.002 -22"><span class='ocrx_word' id='word_1_210' title='bbox 242 2320 345 2380; x_wconf 80' lang='lat' dir='ltr'><strong>iocum</strong></span> <span class='ocrx_word' id='word_1_211' title='bbox 359 2323 392 2378; x_wconf 91' lang='lat' dir='ltr'><strong>in</strong></span> <span class='ocrx_word' id='word_1_212' title='bbox 404 2325 458 2380; x_wconf 79' lang='lat' dir='ltr'><strong>rit.</strong></span> <span class='ocrx_word' id='word_1_213' title='bbox 474 2320 608 2402; x_wconf 84' lang='lat' dir='ltr'><strong>Sophist.</strong></span> <span class='ocrx_word' id='word_1_214' title='bbox 627 2333 657 2381; x_wconf 85' lang='lat' dir='ltr'><strong>et</strong></span> <span class='ocrx_word' id='word_1_215' title='bbox 669 2325 786 2382; x_wconf 77' lang='lat' dir='ltr'><strong>comm.</strong></span> <span class='ocrx_word' id='word_1_216' title='bbox 805 2320 844 2380; x_wconf 87' lang='lat' dir='ltr'><strong>ad</strong></span> <span class='ocrx_word' id='word_1_217' title='bbox 857 2323 880 2380; x_wconf 90' lang='lat' dir='ltr'><strong>l.</strong></span> <span class='ocrx_word' id='word_1_218' title='bbox 900 2329 913 2385; x_wconf 93' lang='lat'>1</span> <span class='ocrx_word' id='word_1_219' title='bbox 930 2321 967 2380; x_wconf 90' lang='lat' dir='ltr'><strong>de</strong></span> <span class='ocrx_word' id='word_1_220' title='bbox 982 2321 1121 2382; x_wconf 82' lang='lat' dir='ltr'><strong>monach.</strong></span> <span class='ocrx_word' id='word_1_221' title='bbox 1167 2323 1278 2380; x_wconf 77' lang='lat' dir='ltr'><strong>Ritter.</strong></span> 
     </span>
     <span class='ocr_line' id='line_1_25' title="bbox 241 2405 1348 2549; baseline -0.006 -77"><span class='ocrx_word' id='word_1_222' title='bbox 241 2490 299 2549; x_wconf 59' lang='lat' dir='ltr'><em>M</em></span> <span class='ocrx_word' id='word_1_223' title='bbox 328 2425 359 2484; x_wconf 84' lang='lat' dir='ltr'><strong>p·</strong></span> <span class='ocrx_word' id='word_1_224' title='bbox 375 2409 439 2472; x_wconf 82' lang='grc'><strong>279</strong></span> <span class='ocrx_word' id='word_1_225' title='bbox 452 2427 482 2466; x_wconf 83' lang='lat' dir='ltr'><strong>v·</strong></span> <span class='ocrx_word' id='word_1_226' title='bbox 494 2411 526 2472; x_wconf 86' lang='grc'><strong>8.</strong></span> <span class='ocrx_word' id='word_1_227' title='bbox 570 2405 750 2491; x_wconf 75' lang='grc' dir='ltr'><strong>οἷνογκοιίαν.</strong></span> <span class='ocrx_word' id='word_1_228' title='bbox 779 2405 918 2468; x_wconf 84' lang='lat' dir='ltr'><strong>Gothosr.</strong></span> <span class='ocrx_word' id='word_1_229' title='bbox 933 2406 972 2466; x_wconf 86' lang='lat' dir='ltr'><strong>ad</strong></span> <span class='ocrx_word' id='word_1_230' title='bbox 985 2409 1008 2467; x_wconf 86' lang='lat'><strong>1.</strong></span> <span class='ocrx_word' id='word_1_231' title='bbox 1022 2412 1062 2473; x_wconf 83' lang='lat'><strong>63</strong></span> <span class='ocrx_word' id='word_1_232' title='bbox 1076 2428 1101 2468; x_wconf 86' lang='lat' dir='ltr'><strong>o.</strong></span> <span class='ocrx_word' id='word_1_233' title='bbox 1115 2405 1178 2468; x_wconf 91' lang='lat' dir='ltr'><strong>Th.</strong></span> <span class='ocrx_word' id='word_1_234' title='bbox 1193 2405 1231 2467; x_wconf 87' lang='lat' dir='ltr'><strong>de</strong></span> <span class='ocrx_word' id='word_1_235' title='bbox 1245 2407 1348 2466; x_wconf 72' lang='lat' dir='ltr'><strong>decor.</strong></span> 
     </span>
    </p>

    <p class='ocr_par' dir='ltr' id='par_1_9' title="bbox 239 2492 1347 2828">
     <span class='ocr_line' id='line_1_26' title="bbox 282 2492 353 2549; baseline 0.014 -1"><span class='ocrx_word' id='word_1_236' title='bbox 282 2492 353 2549; x_wconf 70' lang='lat' dir='ltr'><strong>&#39;ler-</strong></span> 
     </span>
     <span class='ocr_line' id='line_1_27' title="bbox 247 2573 1347 2658; baseline 0.002 -24"><span class='ocrx_word' id='word_1_237' title='bbox 247 2621 250 2627; x_wconf 88' lang='lat'><strong>.</strong></span> <span class='ocrx_word' id='word_1_238' title='bbox 326 2575 368 2634; x_wconf 80' lang='lat' dir='ltr'><strong>ib.</strong></span> <span class='ocrx_word' id='word_1_239' title='bbox 393 2595 423 2634; x_wconf 83' lang='lat' dir='ltr'><strong>r.</strong></span> <span class='ocrx_word' id='word_1_240' title='bbox 439 2573 489 2640; x_wconf 82' lang='grc'><strong>14.</strong></span> <span class='ocrx_word' id='word_1_241' title='bbox 533 2577 682 2637; x_wconf 78' lang='lat' dir='ltr'><strong>excitatae</strong></span> <span class='ocrx_word' id='word_1_242' title='bbox 702 2579 740 2653; x_wconf 83' lang='lat' dir='ltr'><strong>ob</strong></span> <span class='ocrx_word' id='word_1_243' title='bbox 761 2581 906 2637; x_wconf 85' lang='lat' dir='ltr'><strong>Ioannem</strong></span> <span class='ocrx_word' id='word_1_244' title='bbox 926 2579 1032 2637; x_wconf 80' lang='lat' dir='ltr'><strong>turbae</strong></span> <span class='ocrx_word' id='word_1_245' title='bbox 1054 2579 1166 2658; x_wconf 81' lang='lat' dir='ltr'><strong>largius</strong></span> <span class='ocrx_word' id='word_1_246' title='bbox 1190 2579 1347 2658; x_wconf 72' lang='lat' dir='ltr'><strong>expositae</strong></span> 
     </span>
     <span class='ocr_line' id='line_1_28' title="bbox 239 2663 1346 2745; baseline 0.001 -25"><span class='ocrx_word' id='word_1_247' title='bbox 239 2669 310 2720; x_wconf 78' lang='lat' dir='ltr'><strong>sant</strong></span> <span class='ocrx_word' id='word_1_248' title='bbox 330 2681 349 2720; x_wconf 88' lang='lat' dir='ltr'><strong>a</strong></span> <span class='ocrx_word' id='word_1_249' title='bbox 368 2663 527 2728; x_wconf 74' lang='lat' dir='ltr'><strong>Socratefi</strong></span> <span class='ocrx_word' id='word_1_250' title='bbox 551 2663 686 2728; x_wconf 87' lang='grc'><strong>15-21</strong></span> <span class='ocrx_word' id='word_1_251' title='bbox 706 2675 736 2723; x_wconf 86' lang='lat' dir='ltr'><strong>et</strong></span> <span class='ocrx_word' id='word_1_252' title='bbox 750 2665 919 2723; x_wconf 87' lang='lat' dir='ltr'><strong>Sozomeno</strong></span> <span class='ocrx_word' id='word_1_253' title='bbox 936 2668 956 2728; x_wconf 88' lang='lat'>8</span> <span class='ocrx_word' id='word_1_254' title='bbox 980 2665 1135 2741; x_wconf 84' lang='lat'><strong>16—18,</strong></span> <span class='ocrx_word' id='word_1_255' title='bbox 1166 2667 1220 2745; x_wconf 90' lang='lat' dir='ltr'><strong>qui</strong></span> <span class='ocrx_word' id='word_1_256' title='bbox 1238 2683 1346 2722; x_wconf 85' lang='lat' dir='ltr'><strong>mona-</strong></span> 
     </span>
     <span class='ocr_line' id='line_1_29' title="bbox 239 2743 1345 2828; baseline 0.005 -24"><span class='ocrx_word' id='word_1_257' title='bbox 239 2743 365 2805; x_wconf 90' lang='lat' dir='ltr'><strong>ohorum</strong></span> <span class='ocrx_word' id='word_1_258' title='bbox 393 2746 518 2828; x_wconf 87' lang='lat' dir='ltr'><strong>quidem</strong></span> <span class='ocrx_word' id='word_1_259' title='bbox 541 2747 666 2806; x_wconf 84' lang='lat' dir='ltr'><strong>eaedem</strong></span> <span class='ocrx_word' id='word_1_260' title='bbox 689 2769 840 2828; x_wconf 87' lang='lat' dir='ltr'><strong>nusquam</strong></span> <span class='ocrx_word' id='word_1_261' title='bbox 863 2759 1113 2825; x_wconf 81' lang='lat' dir='ltr'><strong>commemorant,</strong></span> <span class='ocrx_word' id='word_1_262' title='bbox 1147 2751 1345 2810; x_wconf 80' lang='lat' dir='ltr'><strong>Severianum</strong></span> 
     </span>
    </p>
   </div>
   <div class='ocr_carea' id='block_1_3' title="bbox 138 2835 1343 2920">
    <p class='ocr_par' dir='ltr' id='par_1_10' title="bbox 138 2835 1343 2920">
     <span class='ocr_line' id='line_1_30' title="bbox 138 2835 1343 2920; baseline 0.005 -32"><span class='ocrx_word' id='word_1_263' title='bbox 138 2897 143 2920; x_wconf 41' lang='lat'>¹</span> <span class='ocrx_word' id='word_1_264' title='bbox 239 2835 415 2911; x_wconf 85' lang='lat' dir='ltr'><strong>episeopnm</strong></span> <span class='ocrx_word' id='word_1_265' title='bbox 433 2845 550 2908; x_wconf 87' lang='lat' dir='ltr'><strong>autem,</strong></span> <span class='ocrx_word' id='word_1_266' title='bbox 579 2843 613 2891; x_wconf 90' lang='lat' dir='ltr'><strong>ut</strong></span> <span class='ocrx_word' id='word_1_267' title='bbox 630 2835 735 2912; x_wconf 86' lang='lat' dir='ltr'><strong>populi</strong></span> <span class='ocrx_word' id='word_1_268' title='bbox 753 2835 888 2893; x_wconf 83' lang='lat' dir='ltr'><strong>furorem</strong></span> <span class='ocrx_word' id='word_1_269' title='bbox 909 2837 1059 2912; x_wconf 86' lang='lat' dir='ltr'><strong>mitigaret</strong></span> <span class='ocrx_word' id='word_1_270' title='bbox 1075 2839 1343 2916; x_wconf 79' lang='lat' dir='ltr'><strong>comprimeretqns</strong></span> 
     </span>
    </p>
   </div>
   <div class='ocr_carea' id='block_1_4' title="bbox 232 2915 1344 4196">
    <p class='ocr_par' dir='ltr' id='par_1_11' title="bbox 239 2915 1343 2998">
     <span class='ocr_line' id='line_1_31' title="bbox 239 2915 1343 2998; baseline 0.005 -23"><span class='ocrx_word' id='word_1_271' title='bbox 239 2915 429 2995; x_wconf 72' lang='lat' dir='ltr'><strong>seditionem,</strong></span> <span class='ocrx_word' id='word_1_272' title='bbox 451 2919 561 2978; x_wconf 70' lang='lat' dir='ltr'><strong>fnasha</strong></span> <span class='ocrx_word' id='word_1_273' title='bbox 575 2917 695 2978; x_wconf 83' lang='lat' dir='ltr'><strong>dedisse</strong></span> <span class='ocrx_word' id='word_1_274' title='bbox 710 2939 833 2998; x_wconf 80' lang='lat' dir='ltr'><strong>operam</strong></span> <span class='ocrx_word' id='word_1_275' title='bbox 845 2921 987 2980; x_wconf 86' lang='lat' dir='ltr'><strong>scribunt.</strong></span> <span class='ocrx_word' id='word_1_276' title='bbox 1032 2921 1071 2978; x_wconf 86' lang='lat' dir='ltr'><strong>of.</strong></span> <span class='ocrx_word' id='word_1_277' title='bbox 1086 2923 1218 2980; x_wconf 83' lang='lat' dir='ltr'><strong>Zonaras</strong></span> <span class='ocrx_word' id='word_1_278' title='bbox 1236 2923 1274 2984; x_wconf 87' lang='grc'><strong>18</strong></span> <span class='ocrx_word' id='word_1_279' title='bbox 1290 2925 1343 2985; x_wconf 88' lang='grc'><strong>20.</strong></span> 
     </span>
    </p>

    <p class='ocr_par' dir='ltr' id='par_1_12' title="bbox 237 2997 1342 3148">
     <span class='ocr_line' id='line_1_32' title="bbox 325 2997 1342 3085; baseline 0.002 -23"><span class='ocrx_word' id='word_1_280' title='bbox 325 3001 366 3060; x_wconf 77' lang='lat' dir='ltr'><strong>ib.</strong></span> <span class='ocrx_word' id='word_1_281' title='bbox 383 3022 414 3061; x_wconf 83' lang='lat' dir='ltr'><strong>r.</strong></span> <span class='ocrx_word' id='word_1_282' title='bbox 433 3005 482 3066; x_wconf 88' lang='grc'><strong>18.</strong></span> <span class='ocrx_word' id='word_1_283' title='bbox 525 2997 700 3084; x_wconf 67' lang='grc' dir='ltr'><strong>εὐνούχους.</strong></span> <span class='ocrx_word' id='word_1_284' title='bbox 743 3002 807 3064; x_wconf 84' lang='lat' dir='ltr'><strong>rid.</strong></span> <span class='ocrx_word' id='word_1_285' title='bbox 823 3007 939 3064; x_wconf 83' lang='lat' dir='ltr'><strong>Comm.</strong></span> <span class='ocrx_word' id='word_1_286' title='bbox 958 3004 998 3063; x_wconf 92' lang='lat' dir='ltr'><strong>ad</strong></span> <span class='ocrx_word' id='word_1_287' title='bbox 1013 3007 1036 3063; x_wconf 92' lang='lat' dir='ltr'><strong>l.</strong></span> <span class='ocrx_word' id='word_1_288' title='bbox 1051 3003 1092 3070; x_wconf 83' lang='lat'><strong>34</strong></span> <span class='ocrx_word' id='word_1_289' title='bbox 1107 3025 1133 3066; x_wconf 94' lang='grc' dir='ltr'><strong>ο.</strong></span> <span class='ocrx_word' id='word_1_290' title='bbox 1148 3003 1210 3065; x_wconf 89' lang='lat' dir='ltr'><strong>Th.</strong></span> <span class='ocrx_word' id='word_1_291' title='bbox 1230 3005 1267 3066; x_wconf 88' lang='lat' dir='ltr'><strong>de</strong></span> <span class='ocrx_word' id='word_1_292' title='bbox 1286 3027 1342 3085; x_wconf 90' lang='lat' dir='ltr'><strong>pe-</strong></span> 
     </span>
     <span class='ocr_line' id='line_1_33' title="bbox 237 3087 559 3148; baseline 0.003 -3"><span class='ocrx_word' id='word_1_293' title='bbox 237 3087 406 3148; x_wconf 84' lang='lat' dir='ltr'><strong>titionibus.</strong></span> <span class='ocrx_word' id='word_1_294' title='bbox 449 3088 559 3146; x_wconf 83' lang='lat' dir='ltr'><strong>Ritter.</strong></span> 
     </span>
    </p>

    <p class='ocr_par' dir='ltr' id='par_1_13' title="bbox 324 3167 1337 3256">
     <span class='ocr_line' id='line_1_34' title="bbox 324 3167 1337 3256; baseline -0.001 -20"><span class='ocrx_word' id='word_1_295' title='bbox 324 3191 356 3252; x_wconf 88' lang='lat' dir='ltr'><strong>p·</strong></span> <span class='ocrx_word' id='word_1_296' title='bbox 369 3177 432 3238; x_wconf 88' lang='grc'><strong>280</strong></span> <span class='ocrx_word' id='word_1_297' title='bbox 447 3193 479 3232; x_wconf 80' lang='lat' dir='ltr'><strong>v.</strong></span> <span class='ocrx_word' id='word_1_298' title='bbox 493 3177 524 3238; x_wconf 86' lang='grc'><strong>8.</strong></span> <span class='ocrx_word' id='word_1_299' title='bbox 553 3167 695 3254; x_wconf 73' lang='grc' dir='ltr'><strong>ἆβίωτοο.</strong></span> <span class='ocrx_word' id='word_1_300' title='bbox 716 3177 836 3234; x_wconf 81' lang='lat' dir='ltr'><strong>Ernesti</strong></span> <span class='ocrx_word' id='word_1_301' title='bbox 852 3173 889 3234; x_wconf 89' lang='lat' dir='ltr'><strong>de</strong></span> <span class='ocrx_word' id='word_1_302' title='bbox 903 3194 959 3234; x_wconf 86' lang='lat' dir='ltr'><strong>nsu</strong></span> <span class='ocrx_word' id='word_1_303' title='bbox 972 3177 1097 3254; x_wconf 85' lang='lat' dir='ltr'><strong>glossar.</strong></span> <span class='ocrx_word' id='word_1_304' title='bbox 1111 3197 1142 3256; x_wconf 83' lang='lat' dir='ltr'><strong>p·</strong></span> <span class='ocrx_word' id='word_1_305' title='bbox 1154 3173 1207 3239; x_wconf 82' lang='lat'><strong>35.</strong></span> <span class='ocrx_word' id='word_1_306' title='bbox 1228 3177 1337 3236; x_wconf 65' lang='lat' dir='ltr'><strong>Rara.</strong></span> 
     </span>
    </p>

    <p class='ocr_par' dir='ltr' id='par_1_14' title="bbox 237 3257 1343 3747">
     <span class='ocr_line' id='line_1_35' title="bbox 324 3257 1340 3321; baseline 0.006 -6"><span class='ocrx_word' id='word_1_307' title='bbox 324 3257 366 3315; x_wconf 81' lang='lat' dir='ltr'><strong>ib.</strong></span> <span class='ocrx_word' id='word_1_308' title='bbox 383 3278 413 3316; x_wconf 86' lang='lat' dir='ltr'><strong>v.</strong></span> <span class='ocrx_word' id='word_1_309' title='bbox 432 3262 480 3321; x_wconf 85' lang='lat'><strong>11.</strong></span> <span class='ocrx_word' id='word_1_310' title='bbox 525 3257 563 3317; x_wconf 90' lang='lat' dir='ltr'><strong>de</strong></span> <span class='ocrx_word' id='word_1_311' title='bbox 581 3257 664 3318; x_wconf 86' lang='lat' dir='ltr'><strong>hisee</strong></span> <span class='ocrx_word' id='word_1_312' title='bbox 684 3261 824 3321; x_wconf 87' lang='lat' dir='ltr'><strong>secundis</strong></span> <span class='ocrx_word' id='word_1_313' title='bbox 837 3264 958 3320; x_wconf 89' lang='lat' dir='ltr'><strong>loannis</strong></span> <span class='ocrx_word' id='word_1_314' title='bbox 975 3263 1071 3321; x_wconf 88' lang='lat' dir='ltr'><strong>turbis</strong></span> <span class='ocrx_word' id='word_1_315' title='bbox 1084 3261 1146 3320; x_wconf 84' lang='lat' dir='ltr'><strong>vid.</strong></span> <span class='ocrx_word' id='word_1_316' title='bbox 1159 3263 1340 3321; x_wconf 84' lang='lat' dir='ltr'><strong>Sozomenus</strong></span> 
     </span>
     <span class='ocr_line' id='line_1_36' title="bbox 238 3341 1342 3426; baseline 0.006 -28"><span class='ocrx_word' id='word_1_317' title='bbox 238 3341 260 3404; x_wconf 85' lang='lat'><em>8</em></span> <span class='ocrx_word' id='word_1_318' title='bbox 282 3345 431 3408; x_wconf 78' lang='grc'><strong>19-28.</strong></span> <span class='ocrx_word' id='word_1_319' title='bbox 473 3345 609 3423; x_wconf 84' lang='lat' dir='ltr'><strong>pluribus</strong></span> <span class='ocrx_word' id='word_1_320' title='bbox 627 3356 659 3404; x_wconf 87' lang='lat' dir='ltr'><strong>et</strong></span> <span class='ocrx_word' id='word_1_321' title='bbox 677 3347 714 3403; x_wconf 94' lang='lat' dir='ltr'><strong>ob</strong></span> <span class='ocrx_word' id='word_1_322' title='bbox 736 3345 869 3406; x_wconf 84' lang='lat' dir='ltr'><strong>diversas</strong></span> <span class='ocrx_word' id='word_1_323' title='bbox 883 3367 987 3406; x_wconf 87' lang='lat' dir='ltr'><strong>oansas</strong></span> <span class='ocrx_word' id='word_1_324' title='bbox 1006 3347 1140 3407; x_wconf 84' lang='lat' dir='ltr'><strong>incendii</strong></span> <span class='ocrx_word' id='word_1_325' title='bbox 1153 3349 1241 3426; x_wconf 85' lang='lat' dir='ltr'><strong>onipa</strong></span> <span class='ocrx_word' id='word_1_326' title='bbox 1256 3350 1342 3406; x_wconf 89' lang='lat' dir='ltr'><strong>attri-</strong></span> 
     </span>
     <span class='ocr_line' id='line_1_37' title="bbox 238 3426 1341 3513; baseline 0.006 -30"><span class='ocrx_word' id='word_1_327' title='bbox 238 3426 311 3484; x_wconf 91' lang='lat' dir='ltr'><strong>bnta</strong></span> <span class='ocrx_word' id='word_1_328' title='bbox 329 3428 397 3486; x_wconf 84' lang='lat' dir='ltr'><strong>fnit.</strong></span> <span class='ocrx_word' id='word_1_329' title='bbox 439 3429 619 3491; x_wconf 78' lang='lat' dir='ltr'><strong>Sooratesfi</strong></span> <span class='ocrx_word' id='word_1_330' title='bbox 643 3433 700 3505; x_wconf 88' lang='grc'><strong>18,</strong></span> <span class='ocrx_word' id='word_1_331' title='bbox 730 3429 841 3491; x_wconf 77' lang='lat' dir='ltr'><strong>chron.</strong></span> <span class='ocrx_word' id='word_1_332' title='bbox 857 3431 964 3492; x_wconf 88' lang='lat' dir='ltr'><strong>Pasoh.</strong></span> <span class='ocrx_word' id='word_1_333' title='bbox 981 3454 1012 3513; x_wconf 89' lang='lat' dir='ltr'><strong>p.</strong></span> <span class='ocrx_word' id='word_1_334' title='bbox 1029 3437 1101 3497; x_wconf 88' lang='grc'><strong>807.</strong></span> <span class='ocrx_word' id='word_1_335' title='bbox 1146 3436 1251 3492; x_wconf 87' lang='lat' dir='ltr'><strong>ioanni</strong></span> <span class='ocrx_word' id='word_1_336' title='bbox 1272 3453 1341 3492; x_wconf 87' lang='lat' dir='ltr'><strong>suo-</strong></span> 
     </span>
     <span class='ocr_line' id='line_1_38' title="bbox 239 3514 1341 3600; baseline 0.007 -32"><span class='ocrx_word' id='word_1_337' title='bbox 239 3514 329 3569; x_wconf 85' lang='lat' dir='ltr'><strong>eessit</strong></span> <span class='ocrx_word' id='word_1_338' title='bbox 343 3514 375 3569; x_wconf 92' lang='lat' dir='ltr'><strong>in</strong></span> <span class='ocrx_word' id='word_1_339' title='bbox 389 3515 562 3592; x_wconf 84' lang='lat' dir='ltr'><strong>episcopato</strong></span> <span class='ocrx_word' id='word_1_340' title='bbox 575 3517 726 3574; x_wconf 82' lang='lat' dir='ltr'><strong>Arsaoins.</strong></span> <span class='ocrx_word' id='word_1_341' title='bbox 771 3521 849 3576; x_wconf 84' lang='lat' dir='ltr'><strong>eirca</strong></span> <span class='ocrx_word' id='word_1_342' title='bbox 862 3537 974 3576; x_wconf 88' lang='lat' dir='ltr'><strong>annum</strong></span> <span class='ocrx_word' id='word_1_343' title='bbox 990 3517 1069 3592; x_wconf 78' lang='lat'><strong>404,</strong></span> <span class='ocrx_word' id='word_1_344' title='bbox 1101 3539 1160 3600; x_wconf 89' lang='lat' dir='ltr'><strong>qno</strong></span> <span class='ocrx_word' id='word_1_345' title='bbox 1176 3519 1278 3598; x_wconf 84' lang='lat' dir='ltr'><strong>Cpolis</strong></span> <span class='ocrx_word' id='word_1_346' title='bbox 1293 3515 1341 3576; x_wconf 87' lang='lat' dir='ltr'><strong>his</strong></span> 
     </span>
     <span class='ocr_line' id='line_1_39' title="bbox 237 3597 1343 3741; baseline 0.007 -87"><span class='ocrx_word' id='word_1_347' title='bbox 237 3597 417 3741; x_wconf 56' lang='grc' dir='ltr'><strong>ωιΞοΙιὶὺοο</strong></span> <span class='ocrx_word' id='word_1_348' title='bbox 429 3610 538 3658; x_wconf 80' lang='lat' dir='ltr'><strong>vexata</strong></span> <span class='ocrx_word' id='word_1_349' title='bbox 553 3600 628 3678; x_wconf 82' lang='lat' dir='ltr'><strong>fuit,</strong></span> <span class='ocrx_word' id='word_1_350' title='bbox 650 3605 867 3662; x_wconf 77' lang='lat' dir='ltr'><strong>terminabatur</strong></span> <span class='ocrx_word' id='word_1_351' title='bbox 885 3605 1024 3682; x_wconf 75' lang='lat' dir='ltr'><strong>Eutropii</strong></span> <span class='ocrx_word' id='word_1_352' title='bbox 1037 3602 1171 3664; x_wconf 85' lang='lat' dir='ltr'><strong>historia.</strong></span> <span class='ocrx_word' id='word_1_353' title='bbox 1215 3601 1343 3663; x_wconf 82' lang='lat' dir='ltr'><strong>Photins</strong></span> 
     </span>
     <span class='ocr_line' id='line_1_40' title="bbox 237 3687 374 3747; baseline -0.007 -5"><span class='ocrx_word' id='word_1_354' title='bbox 237 3701 273 3742; x_wconf 89' lang='grc' dir='ltr'><strong>οο</strong></span> <span class='ocrx_word' id='word_1_355' title='bbox 320 3687 374 3747; x_wconf 85' lang='grc'><strong>77.</strong></span> 
     </span>
    </p>

    <p class='ocr_par' dir='ltr' id='par_1_15' title="bbox 232 3765 1344 4196">
     <span class='ocr_line' id='line_1_41' title="bbox 322 3765 1344 3853; baseline 0.005 -26"><span class='ocrx_word' id='word_1_356' title='bbox 322 3768 364 3827; x_wconf 80' lang='lat' dir='ltr'><strong>ib.</strong></span> <span class='ocrx_word' id='word_1_357' title='bbox 381 3789 410 3827; x_wconf 82' lang='lat' dir='ltr'><strong>r.</strong></span> <span class='ocrx_word' id='word_1_358' title='bbox 431 3773 478 3832; x_wconf 83' lang='lat'><strong>17.</strong></span> <span class='ocrx_word' id='word_1_359' title='bbox 522 3765 626 3852; x_wconf 68' lang='grc' dir='ltr'><strong>φλόγα.</strong></span> <span class='ocrx_word' id='word_1_360' title='bbox 669 3771 733 3832; x_wconf 80' lang='lat' dir='ltr'><strong>vid.</strong></span> <span class='ocrx_word' id='word_1_361' title='bbox 754 3775 872 3833; x_wconf 77' lang='lat' dir='ltr'><strong>Gomm.</strong></span> <span class='ocrx_word' id='word_1_362' title='bbox 896 3771 979 3833; x_wconf 85' lang='lat' dir='ltr'><strong>adl.</strong></span> <span class='ocrx_word' id='word_1_363' title='bbox 1003 3772 1046 3840; x_wconf 78' lang='grc'><strong>44</strong></span> <span class='ocrx_word' id='word_1_364' title='bbox 1072 3795 1098 3833; x_wconf 94' lang='grc' dir='ltr'><strong>ο.</strong></span> <span class='ocrx_word' id='word_1_365' title='bbox 1120 3771 1181 3832; x_wconf 89' lang='lat' dir='ltr'><strong>Th.</strong></span> <span class='ocrx_word' id='word_1_366' title='bbox 1204 3772 1241 3832; x_wconf 88' lang='lat' dir='ltr'><strong>de</strong></span> <span class='ocrx_word' id='word_1_367' title='bbox 1259 3794 1344 3853; x_wconf 84' lang='lat' dir='ltr'><strong>oper.</strong></span> 
     </span>
     <span class='ocr_line' id='line_1_42' title="bbox 235 3853 1342 3938; baseline 0.006 -28"><span class='ocrx_word' id='word_1_368' title='bbox 235 3853 321 3931; x_wconf 87' lang='lat' dir='ltr'><strong>pnhl.</strong></span> <span class='ocrx_word' id='word_1_369' title='bbox 344 3855 454 3912; x_wconf 69' lang='lat' dir='ltr'><strong>Mlier.</strong></span> <span class='ocrx_word' id='word_1_370' title='bbox 498 3875 645 3936; x_wconf 88' lang='lat' dir='ltr'><strong>magnum</strong></span> <span class='ocrx_word' id='word_1_371' title='bbox 663 3856 722 3919; x_wconf 89' lang='lat' dir='ltr'><strong>hoe</strong></span> <span class='ocrx_word' id='word_1_372' title='bbox 737 3863 943 3920; x_wconf 88' lang='lat' dir='ltr'><strong>Ioannitarum</strong></span> <span class='ocrx_word' id='word_1_373' title='bbox 964 3861 1112 3938; x_wconf 87' lang='lat' dir='ltr'><strong>flagitium</strong></span> <span class='ocrx_word' id='word_1_374' title='bbox 1124 3859 1256 3919; x_wconf 86' lang='lat' dir='ltr'><strong>incendii</strong></span> <span class='ocrx_word' id='word_1_375' title='bbox 1274 3859 1342 3920; x_wconf 89' lang='lat' dir='ltr'><strong>urbi</strong></span> 
     </span>
     <span class='ocr_line' id='line_1_43' title="bbox 235 3942 1343 4025; baseline 0.01 -30"><span class='ocrx_word' id='word_1_376' title='bbox 235 3942 348 4017; x_wconf 83' lang='lat' dir='ltr'><strong>parati3</strong></span> <span class='ocrx_word' id='word_1_377' title='bbox 382 3959 400 3997; x_wconf 89' lang='lat' dir='ltr'><strong>a</strong></span> <span class='ocrx_word' id='word_1_378' title='bbox 423 3959 483 4021; x_wconf 89' lang='lat' dir='ltr'><strong>quo</strong></span> <span class='ocrx_word' id='word_1_379' title='bbox 505 3944 557 3999; x_wconf 87' lang='lat' dir='ltr'><strong>aiii</strong></span> <span class='ocrx_word' id='word_1_380' title='bbox 581 3963 632 4003; x_wconf 87' lang='lat' dir='ltr'><strong>eos</strong></span> <span class='ocrx_word' id='word_1_381' title='bbox 654 3945 783 4005; x_wconf 78' lang='lat' dir='ltr'><strong>liberare</strong></span> <span class='ocrx_word' id='word_1_382' title='bbox 806 3947 938 4006; x_wconf 84' lang='lat' dir='ltr'><strong>voluere.</strong></span> <span class='ocrx_word' id='word_1_383' title='bbox 981 3947 1073 4025; x_wconf 89' lang='lat' dir='ltr'><strong>paulo</strong></span> <span class='ocrx_word' id='word_1_384' title='bbox 1098 3957 1166 4006; x_wconf 85' lang='lat' dir='ltr'><strong>ante</strong></span> <span class='ocrx_word' id='word_1_385' title='bbox 1188 3951 1252 4018; x_wconf 83' lang='grc' dir='ltr'><strong>τοῖς</strong></span> <span class='ocrx_word' id='word_1_386' title='bbox 1268 3965 1343 4007; x_wconf 84' lang='grc' dir='ltr'><strong><em>συν-</em></strong></span> 
     </span>
     <span class='ocr_line' id='line_1_44' title="bbox 232 4019 1341 4114; baseline 0.005 -30"><span class='ocrx_word' id='word_1_387' title='bbox 232 4019 347 4102; x_wconf 76' lang='grc' dir='ltr'><strong><em>ήθεσιν</em></strong></span> <span class='ocrx_word' id='word_1_388' title='bbox 363 4025 456 4106; x_wconf 73' lang='grc' dir='ltr'><strong>ἱεροῖς</strong></span> <span class='ocrx_word' id='word_1_389' title='bbox 472 4025 511 4085; x_wconf 87' lang='lat' dir='ltr'><strong>de</strong></span> <span class='ocrx_word' id='word_1_390' title='bbox 526 4030 620 4087; x_wconf 77' lang='lat' dir='ltr'><strong>sacris</strong></span> <span class='ocrx_word' id='word_1_391' title='bbox 632 4031 818 4090; x_wconf 79' lang='lat' dir='ltr'><strong>eernsonibns</strong></span> <span class='ocrx_word' id='word_1_392' title='bbox 833 4045 878 4094; x_wconf 88' lang='lat' dir='ltr'><strong>est</strong></span> <span class='ocrx_word' id='word_1_393' title='bbox 896 4029 1123 4114; x_wconf 81' lang='lat' dir='ltr'><strong>accipiendum,</strong></span> <span class='ocrx_word' id='word_1_394' title='bbox 1151 4033 1261 4113; x_wconf 86' lang='lat' dir='ltr'><strong>quibos</strong></span> <span class='ocrx_word' id='word_1_395' title='bbox 1274 4041 1341 4089; x_wconf 88' lang='lat' dir='ltr'><strong>tur-</strong></span> 
     </span>
     <span class='ocr_line' id='line_1_45' title="bbox 233 4107 926 4196; baseline 0.017 -29"><span class='ocrx_word' id='word_1_396' title='bbox 233 4109 376 4168; x_wconf 81' lang='lat' dir='ltr'><strong>bulentus</strong></span> <span class='ocrx_word' id='word_1_397' title='bbox 391 4107 482 4170; x_wconf 92' lang='lat' dir='ltr'><strong>homo</strong></span> <span class='ocrx_word' id='word_1_398' title='bbox 491 4113 614 4190; x_wconf 85' lang='lat' dir='ltr'><strong>piebem</strong></span> <span class='ocrx_word' id='word_1_399' title='bbox 628 4119 837 4196; x_wconf 84' lang='lat' dir='ltr'><strong>exasperabat.</strong></span> <span class='ocrx_word' id='word_1_400' title='bbox 880 4121 926 4178; x_wconf 87' lang='lat' dir='ltr'><strong>H.</strong></span> 
     </span>
    </p>
   </div>
   <div class='ocr_carea' id='block_1_5' title="bbox 233 4193 1340 4359">
    <p class='ocr_par' dir='ltr' id='par_1_16' title="bbox 233 4193 1340 4359">
     <span class='ocr_line' id='line_1_46' title="bbox 318 4193 1340 4284; baseline 0.001 -25"><span class='ocrx_word' id='word_1_401' title='bbox 318 4193 361 4252; x_wconf 70' lang='grc' dir='ltr'><strong>ὥ.</strong></span> <span class='ocrx_word' id='word_1_402' title='bbox 378 4215 408 4252; x_wconf 80' lang='lat' dir='ltr'><strong>v·</strong></span> <span class='ocrx_word' id='word_1_403' title='bbox 421 4199 474 4260; x_wconf 89' lang='grc'><strong>21.</strong></span> <span class='ocrx_word' id='word_1_404' title='bbox 517 4198 672 4262; x_wconf 77' lang='lat' dir='ltr'><strong>Palladius</strong></span> <span class='ocrx_word' id='word_1_405' title='bbox 690 4205 724 4262; x_wconf 88' lang='lat' dir='ltr'><strong>in</strong></span> <span class='ocrx_word' id='word_1_406' title='bbox 744 4205 864 4284; x_wconf 80' lang='lat' dir='ltr'><strong>Dialog.</strong></span> <span class='ocrx_word' id='word_1_407' title='bbox 886 4223 918 4284; x_wconf 85' lang='lat' dir='ltr'><strong>p·</strong></span> <span class='ocrx_word' id='word_1_408' title='bbox 942 4207 982 4269; x_wconf 95' lang='grc'><strong>10</strong></span> <span class='ocrx_word' id='word_1_409' title='bbox 1004 4213 1028 4262; x_wconf 90' lang='lat' dir='ltr'><strong>t.</strong></span> <span class='ocrx_word' id='word_1_410' title='bbox 1045 4201 1085 4268; x_wconf 92' lang='grc'><strong>18</strong></span> <span class='ocrx_word' id='word_1_411' title='bbox 1107 4203 1164 4282; x_wconf 81' lang='lat' dir='ltr'><strong>Op.</strong></span> <span class='ocrx_word' id='word_1_412' title='bbox 1184 4197 1340 4280; x_wconf 75' lang='lat' dir='ltr'><strong>Chrysost.</strong></span> 
     </span>
     <span class='ocr_line' id='line_1_47' title="bbox 233 4275 577 4359; baseline 0.012 -22"><span class='ocrx_word' id='word_1_413' title='bbox 233 4275 305 4337; x_wconf 72' lang='lat' dir='ltr'><strong>add.</strong></span> <span class='ocrx_word' id='word_1_414' title='bbox 321 4299 353 4359; x_wconf 85' lang='lat' dir='ltr'><strong>p.</strong></span> <span class='ocrx_word' id='word_1_415' title='bbox 369 4283 422 4346; x_wconf 83' lang='lat'><strong>87.</strong></span> <span class='ocrx_word' id='word_1_416' title='bbox 465 4282 577 4342; x_wconf 65' lang='lat' dir='ltr'><strong>Rota.</strong></span> 
     </span>
    </p>
   </div>
   <div class='ocr_carea' id='block_1_6' title="bbox 0 0 1518 4892">
    <p class='ocr_par' dir='ltr' id='par_1_17' title="bbox 0 0 1518 4892">
     <span class='ocr_line' id='line_1_48' title="bbox 0 0 1518 4892; baseline 0 5"><span class='ocrx_word' id='word_1_417' title='bbox 0 0 1518 4892; x_wconf 95' lang='lat' dir='ltr'><strong> </strong></span> 
     </span>
    </p>
   </div>
  </div>
 </body>
</html>
