3025 4892
263 293 338 370 310
677 285 952 362 lllil'liillEllilll

348 482 381 542 p.
395 459 437 528 13
449 479 480 521 r.
499 463 550 526 12
592 426 757 538 «intimae
770 449 925 540 πρόαρον.
954 407 1104 514 non'anta
1115 461 1250 512 aeenrate
1264 448 1299 512 id
1318 448 1375 510 di-

266 561 365 611 otum:
387 566 458 606 nam
473 546 511 603 ab
520 545 684 605 Aureliano
697 562 758 603 non
775 545 907 622 primurn
920 541 992 599 laeti
1006 539 1089 600 urbia
1103 540 1199 615 muri,
1225 536 1283 597 aad
1296 547 1373 596 tau-

265 647 333 695 tum
346 633 483 712 ampliati
494 639 573 690 aunt.
615 631 735 708 Vopian.
751 629 855 687 Aurei.
870 629 911 690 21
926 637 956 685 et
972 626 1036 684 alii.

351 734 393 792 ib.
410 753 440 791 r.
455 735 506 798 16.
549 751 591 792 ex
606 733 735 810 Vopiaao
748 726 830 807 (rita
846 727 1001 786 Aureliani
1014 745 1041 784 o.
1056 725 1119 804 39)
1133 723 1259 782 Daoiam
1274 721 1374 782 ‹liad-

267 839 336 880 mua
351 821 534 900 provinciam
547 817 801 888 mariamnam,
825 831 865 870 ex
879 830 939 892 quo
953 813 1103 870 Traianus
1115 829 1183 874 eam
1199 827 1374 887 oocupare-

268 917 333 980 rat,
355 926 374 964 a
387 905 530 962 Romania
545 913 711 975 serratam,
739 917 820 957 nuno
834 897 871 956 ab
887 896 1066 969 Aureliano,
1089 893 1265 974 desperante
1277 913 1373 972 pesae

268 1009 337 1050 eam
360 991 482 1049 retineri
500 997 531 1046 et
552 984 691 1057 defendi,
720 981 896 1042 derelictam
915 991 946 1040 et
959 981 1152 1041 barbararum
1165 980 1275 1037 laetam
1289 999 1373 1037 esee.

269 1095 348 1157 qnae
364 1095 411 1133 rea
424 1075 556 1145 zosimo,
571 1073 689 1152 imperii
707 1068 896 1127 decrementa
910 1078 942 1126 et
954 1067 1175 1148 provinciaram
1191 1066 1374 1124 missiones

269 1163 424 1240 aoripturo,
446 1177 507 1216 non
519 1159 610 1238 plane
620 1152 786 1215 omittenda
798 1164 871 1212 erat.

350 1279 381 1340 p.
401 1257 441 1322 45
457 1277 487 1316 r.
504 1260 555 1322 11.
597 1255 660 1315 rid.
673 1256 810 1314 Valerius
825 1253 865 1313 ad
877 1253 1043 1314 Marcellin.
1062 1252 1101 1318 14
1123 1250 1144 1316 5
1161 1259 1191 1309 et
1203 1245 1375 1308 Godofrerl.

267 1345 308 1406 ad
323 1346 346 1404 l.
360 1345 416 1403 ult.
432 1343 466 1401 0.
480 1339 543 1402 Tb.
560 1341 598 1401 de
611 1343 723 1400 infirm.
738 1339 770 1400 lr.
785 1360 863 1422 quae
878 1341 933 1399 sub
947 1351 1065 1420 tyrann.
1088 1338 1199 1395 Ritter.

353 1443 396 1503 ἱό.
414 1463 444 1501 r.
462 1445 512 1506 17.
555 1437 686 1520 Δάφνης
702 1447 759 1506 τοῦ
773 1444 961 1522 προαστείου.
1004 1441 1042 1500 de
1065 1460 1100 1499 eo
1122 1440 1182 1497 late
1202 1429 1375 1495 Godol'recl.

269 1528 310 1590 ad
320 1531 345 1588 l.
360 1535 380 1594 2
395 1530 429 1588 (l.
443 1527 505 1586 Tb.
521 1525 558 1587 de
571 1528 749 1608 aquaeduot.
764 1529 928 1588 etCaaaub.
942 1525 981 1586 ad
993 1527 1102 1606 Boript.
1116 1526 1228 1584 illator.
1241 1523 1322 1600 Aug.
1338 1531 1374 1578 et

268 1615 413 1675 Morellua
427 1611 466 1672 ad
477 1615 655 1674 Strabonem
672 1616 721 1677 16.
765 1613 875 1672 liitter.

262 1719 267 1722 ’
352 1737 383 1796 p.
400 1715 440 1780 46
455 1735 486 1773 r.
502 1717 551 1779 17.
593 1714 789 1772 memorabile
804 1725 858 1788 eat,
881 1711 962 1794 quod
976 1713 1028 1795 qui
1043 1735 1078 1771 ex
1091 1709 1270 1771 Paloeatbm
1282 1709 1375 1766 ualui

268 1811 349 1878 aunt,
365 1811 488 1881 praeter
503 1819 586 1858 arma
603 1810 701 1859 cetera
713 1799 819 1859 clavae
830 1801 966 1880 etsrmtee
983 1819 1086 1858 aecum
1102 1795 1239 1855 afferunt.
1274 1795 1322 1852 H.

354 1919 385 1981 p.
397 1899 438 1965 49
452 1921 483 1960 r·
500 1904 550 1966 18.
592 1902 636 1978 εἰς
650 1904 750 1985 apim
770 1899 864 1986 ἤγαγε
879 1901 1044 1984 Ζηνοβὶαν.
1087 1897 1170 1980 quod
1185 1897 1318 1957 Zenobia
1336 1895 1375 1952 in

268 1985 417 2047 indicium
431 1984 539 2045 adduci
560 1991 673 2066 potuit,
708 2006 785 2068 quae
800 2009 847 2046 rea
861 2008 915 2067 per
928 2008 960 2046 ae
975 1985 1144 2045 adnostros
1161 2002 1266 2042 aenens
1277 1977 1374 2039 valde

267 2076 346 2131 mira
362 2081 423 2146 eat,
452 2075 586 2130 maxime
605 2076 785 2152 pertinuisse
805 2070 973 2153 putandum
993 2071 1041 2130 ad·
1050 2072 1248 2151 pervicaciam
1264 2069 1297 2124 in
1318 2085 1376 2124 re-

268 2155 392 2216 nuenda
413 2154 565 2216 deditione
591 2168 621 2216 et
644 2157 682 2215 ad
703 2159 846 2238 superbas
866 2157 984 2236 literae,
1021 2176 1095 2240 quas
1117 2153 1158 2213 ad
1172 2153 1376 2214 Aurelianum

268 2245 438 2322 scripserat.
481 2261 511 2299 v.
528 2244 647 2320 Vopiao.
663 2245 705 2305 26
726 2247 779 2308 27.
822 2243 869 2302 Η.

354 2324 396 2384 tt.
413 2345 443 2386 r·
459 2329 512 2389 22.
553 2329 725 2406 Longinum
740 2325 970 2408 philosophum,
1000 2345 1059 2408 quo
1076 2326 1219 2405 magistro
1236 2322 1378 2382 Zenobia

267 2413 302 2472 in
320 2412 416 2470 literis
437 2411 559 2470 Graecia
579 2431 634 2472 naa
654 2412 768 2488 inerat,
797 2415 977 2473 Aurelianus
998 2412 1066 2472 ideo
1088 2411 1195 2471 dicitur
1213 2407 1376 2482 occidisse,

268 2495 353 2578 qnod
371 2496 527 2575 superbior
545 2498 599 2556 illa
618 2499 745 2576 epistola
759 2500 909 2558 Zenobiae
926 2499 965 2557 ad
977 2499 1174 2558 Aurelianum
1189 2495 1295 2576 (quam
1307 2495 1377 2552 Vo-

267 2583 369 2662 piaoua
390 2600 417 2638 a.
439 2585 482 2646 27
504 2580 646 2662 exbibet)
670 2585 766 2662 ipaiua
780 2581 928 2642 diceretur
941 2582 1049 2642 dietata
1065 2584 1202 2655 consilio,
1232 2581 1377 2660 quamria

268 2667 347 2748 Syro
365 2677 443 2725 earet
455 2686 594 2726 aer-mone
605 2678 757 2727 contexta.
799 2671 919 2750 Vopiao.
933 2670 1036 2728 Aurel.
1052 2689 1077 2726 o.
1092 2673 1144 2733 80.
1171 2665 1281 2726 cellar.

354 2771 387 2830 p.
403 2752 446 2816 50
458 2771 488 2810 r.
504 2752 555 2816 15.
597 2753 762 2818 Strab014
781 2771 876 2834 prope
894 2754 1004 2828 linem,
1032 2754 1065 2811 in
1084 2753 1187 2810 cilinia
1201 2749 1379 2831 Σαρπηδο-

268 2837 338 2911 alac
346 2830 525 2981 Ἅῗρἴνδος,
540 2839 655 2896 Dianae
662 2835 867 2918 Sarpedoniae
880 2840 1027 2918 templum
1040 2847 1070 2896 et
1081 2838 1237 2896 oraculum
1250 2854 1377 2894 mamo-

267 2932 327 2982 nl·
477 2963 485 2980 .

355 3003 399 3064 ib.
412 3026 442 3065 v.
462 3009 512 3072 17.
558 3007 727 3069 Seleucides
742 3028 814 3068 ovea
836 3011 927 3069 etiam
946 3009 1025 3070 Plin.
1046 3015 1261 3067 commemorat
1287 3007 1325 3068 10
1345 3023 1377 3062 a.

268 3091 323 3156 89.
366 3101 397 3149 et
410 3093 534 3171 apponit
555 3092 639 3152 Corn
651 3097 760 3154 nwntia
773 3095 906 3154 ineoloa:
928 3091 1009 3154 uncle
1028 3105 1112 3175 patet
1128 3091 1282 3152 Seleuciae
1295 3089 1377 3148 Pio-

268 3177 348 3248 riae,
368 3195 431 3234 non
445 3177 568 3236 Ciliciae
581 3175 615 3238 h.
630 3179 652 3237 1.
668 3181 728 3258 agi.
771 3181 818 3239 H.

353 3280 386 3339 p·
403 3260 443 3324 51
456 3281 487 3320 r.
501 3264 553 3325 11.
594 3264 742 3342 templum
753 3265 878 3325 Veneria
888 3261 1077 3344 Apbaoitidia
1088 3264 1120 3344 in
1135 3260 1251 3321 Libano
1266 3269 1376 3318 monte

269 3345 485 3406 conatmtinna
498 3349 626 3426 Magnus
643 3347 746 3408 diruit.
788 3351 899 3411 lluaeb.
918 3352 951 3409 in
964 3351 1031 3410 Vita
1042 3349 1099 3414 1.ss
1118 3367 1144 3407 o.
1158 3348 1210 3412 53.
1252 3345 1376 3406 Soorat.

269 3432 288 3494 1
316 3430 357 3492 18
378 3428 434 3509 (14
451 3431 546 3511 Lat).
593 3432 704 3492 Cellor.

339 3531 386 3614 ⁶p·
401 3517 442 3579 62
456 3535 487 3573 r.
503 3520 552 3580 17.
594 3519 800 3578 narrationum
822 3513 860 3578 ‹le
873 3517 1025 3579 Zenobiae
1044 3527 1158 3593 morte,
1180 3535 1308 3598 quarum
1319 3511 1376 3574 ali-

269 3608 444 3658 vamtatem
461 3601 600 3661 zoaimna
618 3612 649 3662 et
669 3607 802 3665 Zonaras
824 3605 1035 3679 observarunt,
1063 3605 1210 3662 veriorem
1228 3612 1374 3681 putamur

270 3701 338 3742 eaae
353 3701 421 3741 eam
434 3703 525 3766 qnam
539 3685 684 3748 exhibent
699 3691 845 3770 Vopiaoua
862 3689 978 3771 (Aurei.
995 3709 1021 3748 o.
1038 3687 1095 3768 81)
1113 3689 1235 3768 aliique,
1254 3687 1375 3746 aoilioet

269 3766 437 3830 zenobiam
451 3773 576 3853 einaqne
589 3775 699 3835 liberor
709 3779 823 3836 Romae
835 3777 866 3834 in
879 3772 1034 3856 triumpho
1048 3792 1113 3832 eaae
1126 3771 1241 3832 duotoa.

268 3933 273 3942 Ι
357 3875 390 3935 p·
404 3855 446 3920 63
460 3875 491 3916 v·
504 3861 535 3920 7.
567 3861 696 3939 Vopiaoo
712 3861 759 3941 (in
776 3861 882 3921 Aur-al.
898 3881 925 3919 o.
939 3860 995 3941 81)
1010 3857 1260 3920 maiorfidaaest.
1285 3856 1374 3914 Son-

269 3937 425 4000 dmum
444 3941 460 4020 (
467 3943 581 4004 norim.
595 3945 824 4025 Mareellinam)
842 3948 958 4028 inquit,
988 3965 1078 4026 qnam
1091 3945 1126 4002 ira
1136 3943 1289 4022 praeaidab
1303 3941 1375 3999 illie

270 4022 462 4084 Aurelianae
467 4041 626 4105 ponam,
639 4051 710 4091 naun
722 4034 866 4091 aaxoentia
878 4033 1046 4111 sagittariis
1056 4029 1240 4098 ammaum,
1255 4025 1373 4086 Acad-

271 4105 320 4206 1ξο
333 4109 468 4187 (Ζοιίιιι.
480 4113 650 4196 ΔιιῑίοοΙιο)
674 4117 798 4176 cuniam
813 4119 939 4196 parenti
954 4113 1103 4174 Zenobiae
1114 4123 1261 4192 parantes
1273 4113 1373 4188 anpa-

271 4212 363 4252 rnam.
396 4216 415 4256 e
427 4195 530 4257 medio
544 4202 699 4262 auatnliaae
710 4203 886 4283 Palmyreni
900 4197 1118 4266 Smdadanem
1132 4209 1166 4262 nt
1182 4207 1373 4262 aversantem

273 4295 322 4339 rea
333 4297 427 4343 anm
440 4291 470 4343 et
483 4281 681 4358 defaetiomm
696 4286 849 4353 videntur.
