3025 4892
269 250 345 328 354
684 245 963 328 lililTEllEIERl

273 416 375 482 ctendi
387 414 479 476 fidem
489 412 729 477 Christianorum
744 425 848 476 auctor
862 415 1012 478 exstitisse
1025 421 1172 474 narratur.
1215 411 1379 472 obscurum

272 500 346 569 vero
364 515 411 564 est
431 504 556 582 quinam
576 503 669 560 fuerit
688 503 741 560 ille
765 505 950 582 Aegyptius,
979 521 1054 560 num
1076 502 1109 558 in
1128 501 1266 578 Aegypto
1286 510 1378 558 natus

272 594 384 664 homo,
414 609 454 646 on
465 607 572 668 magns
586 587 712 669 quidam
726 590 780 666 qui
796 609 837 646 ex
851 588 996 667 Hispania
1010 596 1150 660 venerat,
1172 583 1206 644 id
1218 583 1301 686 guod
1314 587 1378 642 Ba-

275 681 360 743 ronio
375 676 412 756 (t.
429 673 496 754 lep·
510 673 563 753 38)
575 676 684 746 risum,
706 675 760 753 qui
773 673 982 754 significationi
995 673 1042 730 illi
1055 673 1138 732 vocis
1155 671 1324 750 Αἰγυπτιος
1336 689 1379 730 ex

275 767 350 828 locis
364 765 431 820 Act.
448 765 501 833 21,
524 757 643 839 Ioseph.
658 761 763 839 Antiq.
779 763 821 822 20
843 763 874 836 6,
897 758 1028 820 debello
1042 755 1165 816 ludaico
1184 761 1206 822 2
1228 758 1279 832 12,
1299 758 1379 816 Por-

276 848 379 932 phyrii
389 849 457 904 Vita
467 846 594 919 Plotini,
616 846 829 924 patrocinatur.

359 931 410 992 Ad
421 929 514 989 fidem
523 933 640 990 Zosimi
650 941 681 989 et
696 926 935 1009 impugnandam
952 937 983 988 et
998 923 1213 987 vindicandam
1223 922 1300 984 hseo
1312 925 1379 986 iere

276 1030 347 1082 sunt
360 1039 401 1077 ex
414 1039 445 1076 re
458 1021 523 1095 ipsu
537 1018 688 1076 arcessita.
732 1027 778 1076 est
788 1035 860 1074 vero
874 1013 958 1074 alind
970 1024 1181 1093 arguunentnm
1191 1015 1380 1072 extrinsecus

276 1109 420 1186 petitaun,
453 1099 535 1184 quod
548 1104 575 1160 si
588 1103 747 1182 probatum
758 1101 865 1176 fuerit,
885 1103 1065 1160 narrationis
1081 1098 1156 1158 fides
1168 1101 1290 1158 omnino
1307 1117 1380 1176 pro-

276 1202 369 1252 strata
385 1193 452 1248 erit.
494 1185 648 1266 proditum
661 1190 744 1264 enim
756 1197 801 1248 est
817 1189 980 1246 memoriae
994 1187 1031 1244 ab
1040 1181 1217 1244 Christianis
1229 1184 1379 1242 Constan-

276 1280 376 1338 tinum
390 1295 450 1333 raon
464 1274 583 1353 piaculo
597 1275 630 1330 in
644 1292 773 1332 uxorem
785 1283 815 1330 et
827 1272 923 1330 filium
937 1270 1085 1344 admisso,
1116 1268 1170 1330 sed
1186 1270 1289 1328 multis
1309 1279 1379 1326 ante

277 1365 365 1422 annis
384 1359 621 1438 proficiscentem
638 1357 782 1418 adsersus
800 1359 1006 1432 Maxentium,
1036 1359 1122 1434 signo
1147 1356 1284 1427 caelesti,
1313 1357 1378 1413 sire

277 1467 348 1506 vere
368 1447 423 1504 illo
441 1447 521 1517 sire,
542 1454 577 1502 ut
591 1445 644 1502 alii
654 1443 793 1514 tradunt,
816 1465 872 1522 per
883 1461 1024 1502 somnum
1038 1445 1121 1514 viso,
1144 1450 1328 1500 commotum
1343 1459 1379 1498 ac

278 1531 423 1592 divinitus
434 1533 602 1603 monitum,
623 1531 716 1588 sacris
729 1531 880 1588 maiorum
892 1530 991 1588 missis
1005 1526 1045 1587 ad
1059 1525 1242 1586 Christianos
1258 1545 1380 1584 eorum-

276 1638 338 1701 que
357 1617 536 1695 religionem
547 1616 718 1674 accessisse.
763 1634 840 1695 quae
860 1616 998 1695 quamvis
1019 1615 1184 1672 multormn
1204 1614 1398 1672 auctoritate·

276 1706 412 1762 nitantur
428 1713 458 1761 et
471 1701 665 1774 testimoniis,
696 1720 760 1758 non
774 1701 906 1760 officient
919 1711 1020 1770 tamen
1035 1701 1187 1777 scriptoris
1200 1699 1294 1758 nostri
1310 1699 1380 1754 exi-

277 1790 442 1850 stimationi
457 1807 492 1846 ac
506 1785 588 1861 fidei,
610 1788 765 1866 quoniam,
790 1789 817 1846 si
831 1785 1009 1844 adverbum
1023 1787 1218 1864 accipiuntur,
1239 1787 1305 1862 ipsa
1318 1785 1380 1840 mi·

277 1875 373 1934 raculi
394 1873 592 1932 ostentatione
614 1873 787 1930 elevantur:
818 1871 940 1952 quando
966 1883 1067 1930 autem
1087 1869 1226 1929 detractis
1246 1873 1284 1928 iis
1300 1888 1379 1948 qnae

276 1959 416 2021 miraculi
428 1978 501 2038 prae
513 1978 546 2017 se
561 1959 663 2016 ferunt
673 1960 815 2037 speciem,
839 1967 968 2016 statuere
984 1958 1056 2016 licet
1070 1957 1282 2034 imperatorem
1299 1965 1380 2012 tem-

278 2063 351 2124 pore
364 2045 420 2102 illo
433 2062 494 2123 quo
508 2041 610 2102 divino
625 2062 696 2101 eum
709 2046 797 2120 signo
811 2041 851 2100 ad
864 2062 948 2102 sacra
961 2041 1199 2102 Christianorum
1209 2038 1381 2120 adoptanda
1491 2065 1492 2080 ¹

276 2131 446 2208 impulsum
474 2127 615 2201 credunt,
652 2146 832 2208 quacmrqne
857 2127 895 2186 de
918 2147 1009 2188 cansa
1028 2125 1068 2186 ad
1089 2148 1155 2186 rem
1177 2124 1381 2186 Christianam

276 2219 377 2293 magis
393 2215 571 2273 inclinatum
591 2213 685 2272 inisse
700 2223 730 2270 et
743 2216 949 2272 Romanorum
964 2213 1034 2274 odia
1051 2216 1084 2272 in
1096 2211 1280 2272 Christianos
1294 2217 1381 2270 coir-
1491 2265 1492 2292 f

278 2303 391 2375 unisse,
412 2303 508 2358 nesio
522 2296 646 2378 quidem
661 2301 825 2379 quicquam
839 2301 871 2356 in
882 2301 940 2358 ista
953 2301 1121 2358 narratione
1133 2300 1212 2358 inest
1228 2295 1310 2378 quod
1323 2296 1382 2355 ob-

277 2406 344 2454 esse
357 2385 480 2444 zosimo
501 2387 627 2464 eiusque
649 2382 742 2442 fidem
762 2386 930 2444 convellere
948 2387 1052 2464 possit.
1095 2404 1157 2443 non
1181 2385 1263 2442 enim
1280 2382 1381 2442 subito

277 2473 457 2550 religionem
475 2471 604 2529 mutavit
624 2472 804 2548 imperator,
834 2469 888 2530 sed
907 2473 1020 2530 sensim
1040 2489 1058 2528 a
1077 2472 1265 2530 caerimoniis
1281 2471 1382 2526 maio·

277 2576 347 2624 rum
358 2556 478 2630 deiecit,
498 2557 540 2614 ita
555 2566 588 2614 nt
599 2557 732 2634 primum
743 2558 777 2614 in
790 2553 1028 2616 Christianorum
1040 2557 1161 2634 plebem
1173 2557 1327 2634 mitigatus
1340 2554 1381 2611 ab

276 2645 396 2709 irrinriis
412 2661 481 2700 eam
494 2653 627 2700 tueretur
641 2651 731 2721 atque
745 2644 916 2722 Mpcneret
929 2641 1185 2722 persecutionibus
1200 2641 1301 2715 finem,
1324 2637 1382 2698 ele-

277 2727 366 2801 inde,
400 2747 470 2785 oum
491 2724 667 2786 Christianis
688 2727 785 2788 faottss
807 2731 905 2806 tnagis
932 2729 1045 2786 amicus
1068 2747 1129 2785 non
1150 2727 1279 2806 amplius
1301 2727 1384 2784 inter

276 2816 436 2894 utriusque
461 2813 615 2891 religionis
638 2813 768 2872 cultores
789 2823 882 2872 staret
900 2812 1019 2872 medius
1069 2811 1203 2872 desertor
1229 2831 1381 2870 sacrorum

277 2901 439 2978 gentilium
449 2899 534 2957 fieret
549 2908 579 2955 et
594 2898 714 2976 palam,
744 2897 820 2978 quid
837 2897 875 2958 de
890 2900 1087 2978 religionibus
1100 2901 1240 2972 sentiret,
1262 2897 1379 2975 legibus

276 2985 478 3063 promulgatis
491 2981 667 3042 declararet.
709 2984 751 3041 ita
766 2983 865 3044 lentus
878 2985 931 3044 ille
947 2995 978 3042 et
990 2981 1124 3044 oc'cultus
1138 2985 1326 3062 imperatoris
1341 2981 1380 3041 ad

278 3070 395 3135 uultum
415 3065 528 3128 Christi
555 3065 693 3126 divinum
715 3071 859 3128 transitus
881 3071 971 3130 variis
994 3067 1154 3128 hominum
1176 3071 1330 3126 sententiis
1350 3079 1380 3127 et

277 3156 498 3232 narrationibus
514 3155 617 3214 locum
629 3151 701 3212 dare
713 3157 820 3232 potuit,
842 3165 876 3216 ut
887 3157 939 3214 alii
952 3157 1099 3214 maturius
1113 3155 1164 3212 alii
1179 3155 1271 3234 paulo
1285 3154 1379 3213 serius

278 3241 509 3299 Constantinum
535 3236 774 3298 Christianormn
794 3259 920 3300 numero
945 3251 1146 3300 accensarent.
1189 3259 1268 3320 quae
1288 3243 1381 3318 igitur

277 3329 392 3384 Zosimi
405 3335 505 3404 potest
518 3343 583 3382 esse
595 3321 800 3403 reprehensio,
823 3327 849 3384 si
861 3336 1023 3404 postquam
1036 3328 1155 3405 legibus
1166 3345 1221 3404 pro
1233 3323 1381 3385 Christia-

277 3412 326 3468 nis
335 3412 411 3468 latis'
420 3408 459 3468 de
471 3410 660 3468 Constantini
673 3407 714 3467 ad
723 3411 902 3488 religionem
913 3409 1114 3472 Christianam
1127 3431 1248 3470 accessu
1261 3411 1382 3490 publice

278 3505 415 3557 constare
437 3496 552 3573 coepit,
579 3513 615 3552 eo
631 3503 767 3574 tempore
784 3515 853 3554 eum
874 3495 1019 3557 defecisse
1036 3517 1053 3556 a
1068 3497 1174 3556 ritibus
1187 3499 1293 3576 priscis
1305 3499 1382 3557 sori-

276 3579 339 3654 sit,
361 3577 395 3637 id
413 3578 496 3660 quod
507 3580 544 3638 ab
561 3598 641 3638 anno
657 3578 729 3655 324,
750 3583 870 3652 Licinio
883 3603 900 3641 e
913 3581 1014 3642 medio
1028 3584 1145 3643 sublato
1158 3585 1286 3663 ipsoque
1300 3584 1384 3642 Con-

278 3666 410 3724 stantino
433 3666 500 3741 solo
512 3666 592 3728 orbis
608 3667 737 3725 Romani
752 3665 876 3727 domino
891 3664 1067 3745 constituto,
1097 3669 1211 3728 iactum
1226 3689 1291 3730 esse
1307 3688 1383 3728 con-

277 3760 338 3810 stat
354 3749 436 3830 (rid.
456 3749 617 3822 Moshemii
639 3755 712 3822 lust.
734 3755 774 3812 H.
797 3755 879 3812 Eool.
902 3773 980 3814 saec.
996 3751 1051 3834 4).
1093 3756 1136 3814 ita
1153 3774 1216 3813 non
1236 3753 1386 3835 estquod

277 3835 430 3894 mendacii
443 3856 514 3896 eum
527 3847 580 3895 aut
591 3837 661 3903 falsi
675 3856 847 3915 argnmnus.
891 3859 997 3900 rermn
1010 3841 1070 3902 alia
1087 3860 1156 3898 eum
1175 3843 1285 3919 premit
1298 3839 1384 3900 diffi-

278 3924 391 3995 cultas,
414 3942 492 4003 qnae
505 3942 568 3982 non
581 3925 624 3980 itu
637 3923 721 3980 facili
733 3927 903 3982 excutietur
920 3929 1052 4005 negotio.
1095 3928 1209 3984 etenim
1229 3945 1298 3986 cum
1320 3945 1385 3986 non

277 4009 358 4066 victo
380 4011 516 4085 Licinio,
545 4004 627 4089 quod
647 4027 676 4068 u·
699 4009 763 4075 324
780 4001 910 4084 iactum,
950 4010 1006 4071 sed
1025 4014 1185 4073 commissa
1202 4013 1329 4070 Faustae
1351 4025 1385 4074 et

279 4093 379 4170 Crispi
400 4092 492 4157 caede
514 4092 651 4174 adeoque
668 4112 697 4152 a.
716 4097 780 4160 326
801 4098 1006 4175 expiationem
1028 4099 1192 4176 imperator
1209 4100 1332 4176 petiisse
1350 4109 1386 4160 et

278 4187 389 4255 negata
407 4200 443 4240 ea
457 4178 498 4237 ad
510 4177 696 4240 Christianos
709 4183 864 4242 transiisse
881 4180 1011 4258 dioetrrr,
1040 4183 1235 4242 manifestum
1252 4193 1297 4244 est
1311 4201 1385 4242 mu-

277 4267 424 4324 tationem
443 4265 530 4328 illam
548 4285 703 4328 motorium
719 4269 810 4328 nimis
830 4288 898 4330 sero
918 4271 1071 4332 aZosiuro
1091 4267 1187 4348 tradi,
1214 4287 1285 4328 cnm
1302 4285 1386 4332 anno
