3025 4892
377 317 713 388 commissuros
732 314 1000 390 mammons.
1165 317 1240 392 ssa
1277 287 1279 292 ’

140 483 255 566 Pl⁰¹l¹¹⁰
266 485 375 545 ”¹¹⁰¹
394 483 624 566 compellendus
641 487 728 567 eopia
746 487 854 562 faerit,
876 484 951 546 fides
963 483 1102 544 habenda
1116 487 1240 566 potissi·

142 590 238 630 mum.
279 589 380 651 neque
398 574 513 631 Zosimi
533 571 633 632 verbis
656 571 842 648 emendatio,
865 589 958 652 quam
980 575 1135 652 proposuit
1154 573 1192 632 ds
1207 571 1242 630 la

142 656 250 714 Bastia
266 655 370 735 (hiem.
385 655 423 714 de
435 655 551 720 l'iioad.
565 655 619 716 des
632 661 725 717 lusor.
734 667 759 716 t.
775 657 814 722 16
827 677 858 737 p.
871 655 937 736 81),
964 667 997 714 nt
1008 655 1041 719 ia
1051 652 1241 738 Aooydso'sp
1340 709 1346 718 .

142 760 199 820 pro
213 739 386 827 Σιγιδούνφ
398 743 558 817 scribatur,
580 745 637 819 etsi
652 759 763 822 pronus
777 744 809 800 in
824 744 891 802 istis
903 743 1076 803 nominibus
1092 743 1194 821 lapsus
1212 753 1243 800 et

143 845 162 884 a
178 827 342 885 scribarum
355 831 510 886 oscitantia
525 825 609 886 haud
623 829 739 888 alienus
755 826 892 902 videtur,
914 829 1009 897 ullam
1025 826 1130 886 afferre
1145 837 1245 905 potest

142 909 313 986 medelam,
337 915 408 993 qnia
423 912 496 992 iuga
511 933 566 992 per
581 911 741 974 Rhoetiam
754 915 898 974 Noricum
911 916 1100 972 Pannoniam
1114 923 1144 970 et
1156 915 1243 972 iliae·

142 999 220 1056 siam
233 997 312 1056 iaata
325 999 485 1058 manifeste
500 1010 657 1078 repugnet.
1229 1029 1232 1038 Δ

228 1101 259 1161 p-
276 1086 339 1146 216
357 1103 386 1140 v.
405 1087 433 1147 1.
475 1083 539 1142 rid.
561 1083 601 1142 ad
619 1083 678 1143 hoo
699 1093 790 1164 eaput
811 1085 872 1163 leg.
890 1087 911 1147 7
937 1102 964 1141 o.
984 1077 1046 1141 Th.
1066 1080 1104 1140 de
1119 1083 1177 1140 ius.
1195 1077 1245 1139 bis
1269 1111 1274 1116 ·

144 1183 223 1246 quae
243 1167 298 1226 sub
319 1171 465 1247 tyrannis.
487 1169 596 1229 Rider.
641 1171 728 1249 plura
741 1171 774 1227 iu
787 1161 846 1228 hoo
863 1170 958 1248 sapite
974 1165 1094 1226 indocta
1109 1167 1145 1224 de
1160 1168 1246 1226 Pon-

144 1251 261 1324 tificum
275 1255 391 1330 ongum
408 1265 438 1312 et
454 1253 620 1314 sacerdotIo
639 1254 747 1313 tradita
763 1266 849 1330 sunt3
873 1257 983 1311 intanta
999 1273 1015 1311 a
1030 1251 1067 1312 ol.
1084 1255 1246 1331 interprete

144 1337 262 1412 relicta,
284 1340 370 1418 quia,
392 1349 483 1418 puto,
504 1341 536 1397 in
550 1341 651 1399 oculos
666 1343 832 1402 incurrunt.
864 1351 995 1398 aeterum
1010 1339 1047 1397 de
1060 1339 1247 1412 Pontificum

143 1424 275 1481 nsaxr'rrso
298 1425 511 1502 imperatorum
531 1427 627 1484 multa
646 1435 716 1484 sunt
734 1423 895 1506 disputata.
937 1444 968 1482 v.
983 1425 1059 1502 Pagi
1075 1421 1113 1482 ad
1131 1443 1159 1482 a.
1172 1425 1245 1486 312.

143 1507 228 1565 Bosii
247 1509 327 1567 Diss.
342 1512 375 1567 in
391 1519 414 1567 t.
429 1508 449 1572 5
466 1508 561 1569 Thes.
575 1511 683 1570 Graer.
702 1521 732 1568 et
746 1512 786 1568 ai.
829 1519 948 1592 praeter
964 1529 1094 1566 numum
1112 1509 1144 1566 in
1166 1509 1247 1566 notis

144 1590 184 1649 ad
195 1611 224 1648 v.
233 1595 275 1656 22
287 1589 645 1673 eSpanhemionotatum
657 1605 757 1655 exstat
772 1615 850 1654 uuus
864 1603 893 1654 et
908 1595 984 1652 alter
999 1615 1068 1651 oum
1082 1589 1244 1672 epigraphe

144 1677 232 1738 ΕΜ.
246 1696 293 1755 ap.
308 1678 442 1760 liandur.
456 1681 604 1740 Nuruism.
618 1685 671 1744 t·2
685 1701 716 1760 p·
726 1679 797 1754 246,
810 1680 871 1744 247
884 1677 952 1736 αδδ.
962 1699 993 1758 Ρ.
1004 1681 1066 1741 298
1075 1681 1132 1735 col.
1141 1682 1172 1740 2.
1195 1678 1240 1735 H·

229 1759 272 1818 ll>-
291 1781 321 1821 V·
339 1771 389 1828 11.
433 1766 526 1823 aliam
547 1767 762 1846 etymologiam
782 1763 903 1822 tradunt
922 1765 1085 1842 Dionysius
1107 1763 1245 1820 Halicar-

144 1864 270 1904 nassaus
291 1849 311 1910 2
334 1851 396 1912 132
418 1861 447 1908 et
467 1852 560 1911 Varro
583 1849 620 1909 de
640 1852 663 1908 l.
679 1853 702 1909 i.
717 1851 755 1924 4,
779 1869 820 1908 ex
838 1869 873 1908 eo
891 1849 1045 1930 pontifices
1060 1847 1154 1906 dictos
1169 1867 1244 1921 esse,

145 1930 230 2012 quod
248 1929 289 1988 ab
307 1933 346 1990 iis
365 1931 511 1993 sublicius
525 1957 607 2015 pona
623 1947 652 1992 et
654 1937 767 2016 factrus
778 1937 915 2013 primum
934 1945 962 1991 ei
976 1935 1129 1991 restitutus
1144 1952 1247 2010 saepe,

145 2037 215 2074 essm
235 2035 323 2075 sarra
344 2028 374 2075 et
391 2019 441 2077 uls
457 2031 486 2078 et
502 2024 545 2079 cis
567 2019 696 2080 Tiberim
709 2041 770 2080 non
784 2021 968 2080 mediocriter
978 2017 1100 2094 fierent.
1144 2020 1247 2098 itaque

145 2103 172 2161 si
197 2101 322 2161 verbum
345 2105 437 2164 verbo
464 2104 663 2164 reddendum.
683 2117 744 2180 est,
770 2105 923 2185 pontifices
946 2115 1016 2163 sunt
1037 2103 1246 2186 yruoporrorol.

149 2183 292 2266 Sylburg.
338 2188 420 2248 unde
433 2193 571 2250 Zosimus
584 2212 660 2250 vana
672 2190 748 2249 haec
762 2202 791 2249 et
804 2189 932 2250 absurda
947 2187 984 2248 de
998 2191 1172 2270 pontificum
1185 2190 1247 2246 ori-

145 2275 216 2350 gine
230 2269 372 2347 hauserit,
390 2295 480 2336 nemo
497 2277 618 2335 dixerit.
651 2279 812 2337 simulacra
825 2279 922 2356 prima
938 2279 969 2334 iu
982 2273 1141 2336 Thessalia
1155 2275 1248 2332 fuisse
1272 2269 1279 2278 '

146 2357 299 2432 oonseota,
321 2357 480 2421 hominum
492 2364 618 2421 fortasse
631 2365 746 2422 exstitit
760 2365 861 2442 opinio
873 2365 1018 2421 seriorum
1034 2369 1175 2418 aetatum.
1208 2375 1248 2416 ex

146 2439 307 2501 Thessalia
327 2464 400 2502 sane
419 2450 564 2526 migrasse
580 2458 737 2505 narrantur
751 2445 888 2526 Pelasgi,
911 2449 963 2526 qui
980 2449 1059 2506 luter
1070 2445 1248 2524 Aborigines

147 2524 235 2586 sedes
259 2526 458 2588 obtinuerant.
502 2529 695 2610 Gephyraeos
714 2534 799 2589 novit
820 2535 981 2610 antiquitas
1004 2531 1056 2612 (v.
1069 2525 1248 2609 Herodot.),

147 2609 203 2671 red
216 2611 253 2668 ab
270 2608 319 2671 his
335 2633 351 2671 a
365 2616 486 2673 Zosimo
499 2613 758 2675 nominatishaud
774 2614 864 2674 dubie
881 2619 1004 2674 alienos.

233 2694 275 2753 ib.
291 2717 320 2756 r.
335 2701 386 2761 22.
431 2711 460 2758 et
474 2701 721 2774 Constantinum,
743 2703 805 2758 iam
818 2709 882 2759 tum
897 2719 967 2758 vere
980 2697 1198 2773 Christianum,
1220 2707 1251 2756 et

148 2781 392 2841 Valentinianum
408 2805 477 2844 cnm
488 2785 613 2844 Valente
627 2786 776 2864 pontilicis
792 2805 867 2844 mox
879 2786 966 2844 titulo
982 2803 1052 2843 usos
1068 2803 1132 2842 esse
1149 2803 1188 2841 ex
1201 2785 1251 2838 in-

148 2868 360 2945 scriptionibus
382 2881 497 2928 oonstat
517 2870 597 2949 apud
617 2873 778 2928 Gruterum
792 2881 822 2928 et
837 2867 922 2931 aiios.
949 2869 1059 2930 Cellar.
1104 2869 1136 2926 in
1157 2887 1250 2926 numo

149 2953 336 3012 Constantini
352 2957 444 3016 istum
457 2957 579 3016 titulum
590 2955 667 3014 vidit
681 2953 883 3035 Spanhamius
896 2957 976 3014 ilias.
986 2973 1070 3012 num.
1081 2957 1167 3033 nup.
1177 2953 1250 3017 415.

233 3057 264 3115 p·
281 3043 344 3103 217
356 3059 387 3097 v.
401 3042 431 3102 4.
473 3040 577 3122 inique
599 3039 658 3100 hoo
679 3043 716 3099 ab
736 3043 890 3102 nonnuliis
905 3043 937 3100 in
953 3039 1248 3114 dubiumvocatum3

150 3141 281 3204 quorum
296 3122 530 3185 dubitationibus
542 3126 739 3205 d1speilendis
753 3146 876 3210 operam
890 3125 1036 3185 dedemnt
1050 3128 1074 3183 1.
1087 3125 1124 3182 A.
1138 3125 1250 3182 Bosiua

151 3207 279 3266 diatriba
293 3208 519 3290 de'pontiiioatu
530 3231 613 3271 max.
626 3215 841 3291 imperatorum
852 3215 889 3273 il.
903 3210 1062 3272 christian.
1085 3207 1137 3288 (in
1152 3207 1249 3268 Thes.

150 3295 260 3352 Graes.
272 3303 296 3352 t.
305 3295 325 3358 6
333 3293 399 3376 )“et
411 3297 449 3354 de
460 3297 494 3355 la
505 3299 612 3356 Bastia
623 3297 665 3357 du
676 3301 834 3358 souverain
846 3299 999 3376 pontificat
1012 3295 1065 3354 dea
1079 3308 1251 3375 empereurt

151 3380 295 3438 iiomains
317 3381 428 3460 (ilem.
444 3379 482 3441 de
495 3382 612 3442 i'Acad.
627 3382 682 3442 des
695 3387 788 3442 inser.
803 3393 825 3442 t.
841 3385 881 3446 15
897 3403 927 3466 p.
940 3381 981 3446 75
995 3377 1112 3460 seqq.).

237 3463 278 3521 ib.
301 3485 331 3522 v·
352 3469 402 3530 11.
446 3479 560 3548 speetu
582 3467 657 3530 isaeo
676 3467 845 3527 Theodosii
868 3469 1008 3529 simulata
1027 3470 1058 3524 in
1082 3466 1252 3523 Maximum

153 3547 341 3610 observantia
362 3550 401 3609 ad
421 3571 449 3613 a.
471 3555 548 3629 584,
569 3564 604 3616 ut
625 3553 701 3613 adeo
725 3555 852 3633 (ynegr'r'
869 3555 1014 3634 profectio
1032 3553 1064 3613 hs
1080 3553 1254 3634 Aegyptum

152 3649 214 3690 non
229 3635 326 3694 multo
340 3639 434 3696 serior
448 3657 513 3698 esse
524 3643 629 3720 possit.
672 3638 744 3698 data
760 3650 804 3697 est
815 3635 855 3696 ad
869 3659 939 3699 eum
953 3640 975 3698 1.
989 3643 1008 3703 9
1025 3658 1051 3697 o.
1065 3635 1126 3695 Th.
1141 3636 1179 3694 de
1193 3638 1254 3694 Pa·-

153 3719 379 3795 grassantia,
401 3741 462 3802 qua
484 3729 664 3804 extispioina
685 3721 882 3785 interdicitur.
927 3743 967 3782 ex
988 3725 1110 3784 Zosimo
1131 3725 1255 3799 insuper
1375 3783 1387 3796 ,

154 3802 293 3879 discitur,
315 3807 345 3864 ei
363 3806 540 3868 mandatum
559 3811 671 3886 inisse,
692 3821 727 3870 ut
748 3811 864 3890 templa
885 3827 941 3892 per
960 3811 1129 3880 Orientem,
1151 3809 1256 3888 Aegy·

152 3899 240 3969 ptum
257 3900 289 3950 et
301 3891 520 3954 Alexandriam
532 3895 711 3958 ooeluderet.
754 3897 803 3958 H.

239 3974 281 4034 ib·
300 3995 330 4034 v·
345 3981 398 4040 21.
438 3987 515 4038 teste
537 3983 645 4054 Paoato
675 3980 846 4062 (Panegyr.
871 3997 897 4036 a.
921 3975 984 4057 48)
1006 3977 1161 4034 Multum
1185 3991 1255 4034 ⁰⁰¹1!

154 4071 218 4117 arte
238 4063 329 4120 simul
348 4081 420 4121 suae
432 4068 476 4126 rei
490 4068 659 4127 oonsoitum
673 4069 783 4140 veliet,
806 4067 907 4124 omnia
920 4081 997 4142 quae
1010 4071 1111 4140 ageret
1124 4061 1255 4118 auotori-
1300 4083 1317 4094 ·

154 4154 215 4203 tate
238 4149 302 4225 geri
322 4146 490 4209 Theodosii
505 4149 716 4212 iraudulenter
733 4151 879 4210 militibus
902 4151 1066 4227 persuasit,
1096 4163 1156 4224 quo
1174 4146 1255 4204 laeto

154 4229 274 4291 uidetur
286 4253 347 4292 non
358 4236 472 4312 milites
485 4235 595 4310 modo,
615 4239 694 4297 utin
708 4235 767 4296 ilde
781 4242 938 4294 insuerent
954 4243 984 4290 et
1001 4232 1041 4290 ad
1056 4231 1171 4290 bellum
1188 4233 1255 4288 eui-

154 4317 225 4378 xius
245 4337 368 4398 operam
389 4333 553 4404 nantem,
576 4321 632 4383 sed
650 4319 810 4384 historiens
830 4317 1112 4400 etiam-deaepisre,
1134 4326 1169 4376 ut
1188 4317 1217 4375 ei
1237 4333 1255 4373 a
