3025 4892
525 287 608 358 LIB.
632 287 653 359 δ
680 286 768 358 Gll'.
790 286 843 356 al.
865 291 917 356 λδ.
1199 289 1275 364 297

167 459 323 529 διδάσκειν
344 455 425 545 είχον
447 457 554 540 otidis,
579 459 758 549 διαμαρτὼν
777 455 977 545 δὈλάμπιος
994 467 1049 546 τῆς
1067 465 1205 548 σπουδῆς
1221 463 1276 552 (io-

168 565 280 644 πάλοις
300 569 447 631 παίεσθαι
472 563 586 643 αὖτοὺς
613 561 835 652 παρεσκεύαζεν
857 564 930 652 άχρι
951 565 1104 635 θανάτουι
1153 575 1276 636 πολλῶν

170 673 204 736 δὲ
220 672 273 736 καί
286 669 388 736 ἄλλων
403 667 445 746 ὥς
457 695 488 736 τι
503 671 765 752 συνεπισταμίνων
780 673 944 753 Στελίχωνι
964 669 1041 758 πρὸς
1060 673 1145 755 δίκην
1161 671 1276 756 άχθίν-

169 798 246 852 των,
272 777 364 838 εἰπεῖν
379 799 411 839 τε
426 771 665 856 possidentium
680 773 937 859 ἀναγκασθέντων
951 773 983 840 εί
992 799 1061 842 τινα
1075 773 1174 864 τοάτιρ
1191 778 1276 842 συνί-

143 884 243 944 douae
256 878 416 962 βασιλείας
427 879 595 959 ἐπιθυμίαν
600 925 611 956 ,
633 873 676 957 ὡς
691 876 860 965 οδδελςίφη
873 903 902 943 τι
914 883 1052 948 τοιοῦτον
1068 880 1195 960 erulam,
1221 887 1277 964 τῆς

167 983 224 1066 μίν
250 979 394 1066 τοιαάτης
416 978 612 1067 ἐγχειρήσεως
631 980 661 1046 oi
681 987 780 1047 ταῦτα
799 987 1123 1068 πολυπραγμονοῦντες
1141 983 1276 1070 ἀπέστη·
1327 1053 1330 1062 Δ

167 1111 244 1164 σαν,
269 1081 336 1151 ddi
348 1085 495 1170 βασιλεὺς
505 1081 652 1172 Ὁνιάριος
669 1084 724 1167 τὴν
739 1085 796 1167 μὲν
810 1086 945 1170 γαμετὴν
964 1085 1158 1170 Θερμαντίαν
1171 1113 1275 1174 παρα·

167 1194 317 1254 λυθείσαν
339 1195 395 1254 τοῦ
413 1189 572 1273 βασιλείου
593 1185 711 1275 θρόνου
730 1195 770 1276 τῇ
789 1191 885 1276 μητρὶ
902 1191 1086 1278 προσέταττε
1102 1192 1276 1275 παραδίδο-

169 1299 265 1372 σθαι,
289 1295 387 1376 μηδὲν
399 1292 451 1358 διδ
465 1299 556 1359 τοῦτο
569 1287 790 1381 δφορωμίνην,
815 1292 868 1358 τὸν
883 1294 917 1358 δὲ
932 1296 1119 1378 Στελίχωνος
1132 1293 1199 1360 vida
1211 1295 1276 1360 Eri·
1299 1297 1303 1312 ¹

128 1407 163 1462 10
167 1397 271 1482 χίριον
288 1397 505 1480 άνιχνευθίντα
520 1394 716 1480 πανταχόθεν
731 1397 943 1484 ἀναιρεθῆναι.
980 1401 1030 1464 καλ
1049 1404 1158 1464 τοῦτον
1171 1397 1203 1464 ἕν
1216 1424 1276 1466 τινι

169 1509 231 1566 τῶν
247 1500 327 1567 κατὰ
342 1500 399 1584 τὴν
409 1497 530 1585 Ῥιδμην
546 1502 712 1585 ἐκκλησιῶν
736 1498 909 1589 πεφευγότα
928 1496 1064 1587 εδρδντες
1082 1501 1133 1566 διδ
1148 1501 1205 1586 τὴν
1219 1508 1278 1569 τοῦ

168 1601 266 1670 τόπον
289 1603 380 1687 τιμὴν
401 1604 523 1670 είασαν·
549 1605 582 1671 ἓν
603 1605 637 1670 ll
656 1610 695 1692 τῇ
712 1601 815 1691 Ῥώμη
830 1601 1036 1692 Ἦλιοκράτης
1054 1604 1158 1692 ἄρχειν
1177 1607 1275 1674 ἐπιτε-

169 1707 318 1790 ταγμίνος
336 1712 393 1772 τοῦ
411 1708 567 1790 ταμιείου,
591 1704 723 1795 γράμμα
734 1708 896 1792 βασιλικὸν
910 1707 1172 1794 ίπικομιζδμενος,
1200 1707 1274 1797 ὅπερ

171 1808 313 1892 ίβοιίλετο
328 1808 452 1876 πάντων
466 1809 534 1877 ὅσοι
547 1811 628 1877 κατά
642 1810 715 1888 τοὺς
730 1814 919 1895 Στελίχωνος
928 1811 1061 1898 χρόνους
1076 1810 1181 1894 ίτυχόν
1194 1837 1276 1890 τινος

28 1917 29 1921 ’
129 1924 162 1979 16
170 1913 268 1999 ἀρχῆς
284 1917 434 1999 δημοσίας
449 1915 589 2000 γίνεσθαι
605 1914 662 1992 τάς
679 1915 796 1994 οὐσίας,
821 1914 909 2002 ἔργον
923 1917 1077 1984 ἐπετίθετο
1092 1921 1136 2003 τῷ
1149 1918 1276 2004 ταμιείῳ

165 2016 346 2103 χρημάτων.
396 2017 499 2106 ὥσπερ
519 2019 553 2085 δέ
571 2015 688 2084 τοάτων
703 2017 760 2084 οὐκ
776 2017 952 2105 ἀρκούντων
970 2021 1122 2103 ἐμπλῆσαι
1139 2020 1192 2084 τὸν
1207 2018 1276 2088 τδτε

169 2123 334 2204 συνέχοντα
353 2123 502 2206 δαίμονα,
526 2131 596 2200 ταῖς
606 2128 668 2191 τῶν
682 2121 847 2210 ἀλιτηρίων
859 2126 975 2211 σειραῖς
987 2127 1038 2189 καὶ
1051 2125 1082 2188 ἓν
1095 2124 1206 2215 ίρημίρ
1221 2127 1278 2188 soei

168 2228 258 2292 θείου
276 2224 377 2294 πάντα
394 2224 641 2315 συνταράττοντα
657 2226 697 2296 τά
713 2224 912 2315 άνθριάπινα,
934 2231 986 2292 καί
1002 2223 1104 2315 λ’τερδν
1119 2253 1147 2293 τι
1164 2251 1277 2314 προσε-

170 2330 248 2412 τίθη
261 2340 325 2407 τοῖς
337 2336 529 2416 προλαβοῦσι
544 2337 691 2398 τοιοῦτον.
716 2329 747 2395 oi
762 2342 830 2408 ταῖς
844 2327 967 2398 πδλεσιν
980 2331 1167 2418 ίνιδρυμίνοι
1180 2353 1277 2418 στραυ

127 2439 293 2511 soranam,
325 2441 381 2515 τῆς
407 2436 595 2517 Στελίχωνος
619 2439 662 2511 είς
685 2433 799 2512 adroic
822 2441 963 2520 τελευτῆς
988 2437 1162 2519 ἐνεχθείσης
1168 2483 1179 2513 ,
1209 2444 1278 2512 ταῖς

169 2536 248 2599 καθ’
269 2532 399 2620 ἑκάστην
413 2534 502 2601 πάλιν
517 2536 624 2614 οὔσαις
638 2540 756 2622 γυναιξὶ
770 2540 821 2603 καλ
837 2541 924 2604 παισί
938 2537 1109 2626 βαρβάρων
1123 2539 1278 2618 ἐπέθεντο,

170 2641 223 2706 καί
248 2636 351 2728 ὥσπερ
375 2641 408 2706 ἐκ
429 2637 630 2726 συνθήματος
651 2643 851 2733 πανωλεθρίᾳ
878 2645 1129 2730 διαφθείραντες,
1154 2640 1214 2709 ὅσα
1240 2633 1279 2726 ἦν
1336 2670 1342 2686 ·

237 2829 383 2891 draeisma
399 2835 459 2893 LP:
477 2853 537 2890 corr
554 2839 581 2894 S.
665 2831 698 2891 15
714 2839 776 2904 post
792 2831 938 2890 ἐπετίθετο
957 2835 1013 2904 (val
1031 2829 1155 2892 ἐπετίθει
1171 2833 1278 2910 τούτῳ)

238 2905 320 2958 verba
336 2905 434 2978 aliquot
448 2906 609 2964 uoluunt
711 2907 746 2962 17
764 2905 813 2975 τῆς
829 2906 886 2960 τῶν
903 2901 1054 2976 ἀλιτηρίου
1072 2907 1169 2990 σειράςΙ
1184 2907 1217 2962 Ρ.

169 3075 296 3133 heberent
308 3076 377 3145 qaod
387 3077 431 3131 vel
443 3077 565 3131 adversus
575 3095 605 3132 se
615 3076 685 3148 ipsas
696 3076 739 3133 rai
750 3077 775 3132 in
786 3076 856 3130 illum
867 3073 1041 3147 deponerent,
1059 3077 1128 3132 uallo
1146 3079 1222 3134 studii
1237 3077 1278 3133 sui

169 3147 255 3200 fructu
274 3147 373 3216 potitus
392 3148 528 3218 Olympius
545 3149 576 3201 ad
594 3155 702 3201 mortem
721 3164 803 3216 usqne
814 3145 926 3200 fustibus
937 3161 982 3197 eos
994 3147 1066 3199 caedi
1077 3149 1188 3204 curavit.
1223 3147 1278 3202 aliis

170 3233 275 3284 quoque
295 3217 482 3288 compluribus,
509 3216 579 3270 velut
596 3216 703 3270 alicuius
714 3217 752 3268 rei
764 3214 905 3270 Stelichoni
918 3215 1040 3280 consciis,
1064 3217 1091 3270 in
1103 3218 1143 3269 ius
1155 3217 1238 3270 ductis
1251 3221 1278 3270 et

170 3300 217 3352 per
234 3284 363 3340 adhibitas
381 3285 545 3358 quaestiones
564 3286 652 3340 dicere
669 3285 780 3350 coactis,
798 3293 997 3354 ancomportum
1009 3285 1135 3338 haberent
1147 3286 1278 3339 Steliclm-
1350 3339 1352 3344 ,

171 3369 228 3407 nem
235 3354 372 3424 ,imperium
383 3357 529 3420 affectasse,
542 3373 598 3411 eum
609 3373 683 3408 nemo
694 3355 830 3428 quicquam
841 3354 894 3410 talc
906 3354 1012 3406 sancire
1024 3355 1130 3418 diecret,
1145 3355 1178 3408 ab
1191 3356 1279 3408 huius-

170 3421 239 3476 nodi
258 3438 352 3477 conatu
369 3426 482 3480 immines
493 3427 519 3478 iu
530 3425 716 3480 rebua‘talibus
727 3423 880 3492 indagandis
892 3423 985 3477 curiosi
997 3423 1160 3478 destiterunt.
1196 3424 1278 3494 impo-

171 3500 340 3546 saturantem
352 3493 482 3551 Honorius
493 3512 599 3549 uxorem
610 3493 817 3556 Thermantiam,
835 3491 963 3562 augustali
973 3493 1096 3548 deiectam
1108 3493 1187 3559 solio,
1201 3491 1279 3548 matri

172 3574 237 3615 suaa
253 3562 324 3614 reddi
341 3561 432 3632 iussit,
456 3564 525 3618 nulla
537 3573 622 3616 tamen
633 3564 725 3616 iccirco
738 3561 883 3646 suspicione
893 3571 1044 3631 gravatam,
1069 3562 1186 3617 etlilium
1199 3561 1279 3616 Stoli-

172 3628 261 3682 cltonis
271 3630 426 3684 Eucherium
437 3633 639 3703 pervestigatum
654 3633 765 3703 undique
781 3629 901 3700 iugulari.
937 3649 1012 3701 quem
1024 3631 1068 3684 ubi
1080 3635 1143 3702 iuga
1154 3633 1281 3702 quandam

171 3696 200 3748 ln
221 3697 353 3752 ecelesiam
364 3701 463 3754 Romae
473 3702 585 3756 delatum
597 3720 625 3754 rc
645 3702 784 3769 perissent,
801 3704 835 3755 ob
848 3701 898 3753 loci
910 3701 1078 3755 reverentiam
1092 3703 1193 3754 missum
1208 3703 1279 3754 iece-

171 3773 243 3823 runt.
277 3767 303 3820 in
322 3769 409 3822 eadam
428 3773 493 3824 urbe
508 3772 591 3825 Roma
638 3770 775 3824 eliocrates
792 3769 855 3824 fiseo
872 3771 1035 3840 praelectus,
1053 3769 1141 3824 literas
1157 3768 1279 3840 principis

171 3835 298 3902 afferens,
315 3854 381 3906 quae
400 3839 491 3893 litem
506 3840 630 3895 iubebant
646 3839 773 3900 omnium,
791 3840 935 3920 quicunque
951 3838 1106 3892 Stelielloois
1124 3841 1280 3907 temporibus

170 3904 280 3973 aliquam
291 3907 468 3974 magistratum
478 3909 670 3978 impetrassent,
681 3910 819 3965 facultates
830 3907 965 3982 publicari,
980 3908 1147 3975 congerendis
1156 3907 1182 3961 ln
1191 3907 1281 3960 fiscum

189 3973 286 4026 conniis
305 3986 447 4045 occupatus
466 3987 533 4035 erat.
569 3988 596 4031 at
607 3979 680 4048 quasi
693 3996 743 4033 non
755 3978 906 4030 sullicerent
917 3978 980 4032 leaeo
992 3975 1024 4030 ad
1037 3976 1215 4030 exsatiandam
1227 3991 1282 4032 ma·

80 4102 86 4110 ·
169 4045 1282 4184 ll,⁸mllzlllililffi‘tltlitffl‘llllllllilii‘l‘llilllsszllt

169 4179 243 4234 ribus
263 4183 389 4236 adiectum
409 4186 466 4236 luit
502 4186 546 4255 qni
565 4197 640 4238 erarrt
656 4187 682 4238 iu
701 4155 802 4258 oppidis
820 4185 936 4238 collocati
957 4183 1068 4250 milites,
1086 4201 1142 4236 cum
1154 4185 1186 4237 de
1200 4191 1282 4236 morte

170 4249 326 4305 Btelioieonia
337 4253 371 4305 ad
382 4271 427 4305 eos
438 4255 540 4310 nuntius
551 4255 646 4308 allatus
658 4255 758 4313 suisset,
775 4254 801 4306 in
814 4253 978 4308 barbarorum
991 4271 1084 4308 uxores
1097 4261 1174 4322 atque
1187 4253 1282 4306 liberos

169 4333 218 4390 per
227 4319 342 4393 simulas
353 4322 432 4380 urbes
442 4333 606 4396 pumuntur,
623 4323 712 4398 eisque
725 4322 808 4380 uelud
817 4323 892 4396 siguo
904 4323 965 4378 datu
977 4323 1010 4378 ad
1021 4321 1222 4380 internecionem
1233 4321 1282 4380 da·
