<?xml version="1.0" encoding="UTF-8"?>
<!DOCTYPE html PUBLIC "-//W3C//DTD XHTML 1.0 Transitional//EN"
    "http://www.w3.org/TR/xhtml1/DTD/xhtml1-transitional.dtd">
<html xmlns="http://www.w3.org/1999/xhtml" xml:lang="en" lang="en">
 <head>
  <title>
</title>
<meta http-equiv="Content-Type" content="text/html;charset=utf-8" />
  <meta name='ocr-system' content='tesseract 3.04.00' />
  <meta name='ocr-capabilities' content='ocr_page ocr_carea ocr_par ocr_line ocrx_word'/>
</head>
<body>
  <div class='ocr_page' id='page_1' title='image "./corpusscriptoru21theogoog/corpusscriptoru21theogoog_0312.png"; bbox 0 0 3025 4892; ppageno 0'>
   <div class='ocr_carea' id='block_1_1' title="bbox 225 268 858 352">
    <p class='ocr_par' dir='ltr' id='par_1_1' title="bbox 225 268 858 352">
     <span class='ocr_line' id='line_1_1' title="bbox 225 268 858 352; baseline 0 -2"><span class='ocrx_word' id='word_1_1' title='bbox 225 279 303 352; x_wconf 74' lang='grc' dir='ltr'><strong>τεο</strong></span> <span class='ocrx_word' id='word_1_2' title='bbox 341 268 345 275; x_wconf 85' lang='grc'><strong>’</strong></span> <span class='ocrx_word' id='word_1_3' title='bbox 707 281 858 350; x_wconf 83' lang='lat' dir='ltr'><strong>zosnu</strong></span> 
     </span>
    </p>
   </div>
   <div class='ocr_carea' id='block_1_2' title="bbox 118 446 1380 2859">
    <p class='ocr_par' dir='ltr' id='par_1_2' title="bbox 226 446 1330 646">
     <span class='ocr_line' id='line_1_2' title="bbox 226 446 1330 542; baseline 0.002 -24"><span class='ocrx_word' id='word_1_4' title='bbox 226 453 260 518; x_wconf 75' lang='lat' dir='ltr'><strong>(li</strong></span> <span class='ocrx_word' id='word_1_5' title='bbox 281 446 480 520; x_wconf 71' lang='grc' dir='ltr'><strong><em>ίπετιόόασαν</em></strong></span> <span class='ocrx_word' id='word_1_6' title='bbox 501 447 579 518; x_wconf 77' lang='grc' dir='ltr'><strong><em>ὥστε</em></strong></span> <span class='ocrx_word' id='word_1_7' title='bbox 599 453 655 537; x_wconf 81' lang='grc' dir='ltr'><strong><em>τῆν</em></strong></span> <span class='ocrx_word' id='word_1_8' title='bbox 674 464 765 537; x_wconf 77' lang='grc' dir='ltr'><strong><em>χεῖρα</em></strong></span> <span class='ocrx_word' id='word_1_9' title='bbox 788 459 929 540; x_wconf 74' lang='grc' dir='ltr'><strong><em>πανταχῇ</em></strong></span> <span class='ocrx_word' id='word_1_10' title='bbox 954 459 1008 538; x_wconf 81' lang='grc' dir='ltr'><strong>τῆς</strong></span> <span class='ocrx_word' id='word_1_11' title='bbox 1030 452 1146 532; x_wconf 88' lang='grc' dir='ltr'><strong><em>πόλεως</em></strong></span> <span class='ocrx_word' id='word_1_12' title='bbox 1168 452 1330 542; x_wconf 86' lang='grc' dir='ltr'><strong><em>περιάγειν,</em></strong></span> 
     </span>
     <span class='ocr_line' id='line_1_3' title="bbox 227 553 1269 646; baseline 0.003 -25"><span class='ocrx_word' id='word_1_13' title='bbox 227 559 321 622; x_wconf 83' lang='grc' dir='ltr'><strong><em>αίτιῖν</em></strong></span> <span class='ocrx_word' id='word_1_14' title='bbox 336 581 368 621; x_wconf 89' lang='grc' dir='ltr'><strong>τε</strong></span> <span class='ocrx_word' id='word_1_15' title='bbox 387 553 532 642; x_wconf 75' lang='grc' dir='ltr'><strong><em>ἀργύριον</em></strong></span> <span class='ocrx_word' id='word_1_16' title='bbox 547 559 654 621; x_wconf 75' lang='grc' dir='ltr'><strong><em>δοῦναι</em></strong></span> <span class='ocrx_word' id='word_1_17' title='bbox 669 563 714 645; x_wconf 80' lang='grc' dir='ltr'><strong>τῶ</strong></span> <span class='ocrx_word' id='word_1_18' title='bbox 726 557 873 646; x_wconf 77' lang='grc' dir='ltr'><em>ἀπλήστῳ</em></span> <span class='ocrx_word' id='word_1_19' title='bbox 889 557 960 634; x_wconf 74' lang='grc' dir='ltr'><strong><em>τοὺς</em></strong></span> <span class='ocrx_word' id='word_1_20' title='bbox 976 557 1269 644; x_wconf 75' lang='grc' dir='ltr'><strong><em>προστυγχάνοντας.</em></strong></span> 
     </span>
    </p>

    <p class='ocr_par' dir='ltr' id='par_1_3' title="bbox 223 653 1380 2093">
     <span class='ocr_line' id='line_1_4' title="bbox 329 653 1328 753; baseline 0.001 -26"><span class='ocrx_word' id='word_1_21' title='bbox 329 658 364 727; x_wconf 82' lang='grc'><strong>8.</strong></span> <span class='ocrx_word' id='word_1_22' title='bbox 411 657 571 746; x_wconf 76' lang='grc' dir='ltr'><strong><em>Ῥουφῖνος</em></strong></span> <span class='ocrx_word' id='word_1_23' title='bbox 584 662 640 742; x_wconf 73' lang='grc' dir='ltr'><strong><em>μέν</em></strong></span> <span class='ocrx_word' id='word_1_24' title='bbox 653 653 708 726; x_wconf 72' lang='grc' dir='ltr'><strong><em>οὖν</em></strong></span> <span class='ocrx_word' id='word_1_25' title='bbox 724 664 788 753; x_wconf 69' lang='lat' dir='ltr'><strong>iiior</strong></span> <span class='ocrx_word' id='word_1_26' title='bbox 801 687 832 728; x_wconf 87' lang='grc' dir='ltr'><strong>τε</strong></span> <span class='ocrx_word' id='word_1_27' title='bbox 846 665 970 738; x_wconf 76' lang='grc' dir='ltr'><strong><em>πολλοῖς</em></strong></span> <span class='ocrx_word' id='word_1_28' title='bbox 984 669 1086 728; x_wconf 91' lang='grc' dir='ltr'><strong><em>κακῶν</em></strong></span> <span class='ocrx_word' id='word_1_29' title='bbox 1100 660 1265 749; x_wconf 82' lang='grc' dir='ltr'><strong><em>ἀφορήτων</em></strong></span> <span class='ocrx_word' id='word_1_30' title='bbox 1278 689 1328 746; x_wconf 80' lang='grc' dir='ltr'><strong>γε·</strong></span> 
     </span>
     <span class='ocr_line' id='line_1_5' title="bbox 224 760 1328 854; baseline 0.004 -26"><span class='ocrx_word' id='word_1_31' title='bbox 224 760 350 846; x_wconf 88' lang='grc' dir='ltr'><strong><em>νόμενος</em></strong></span> <span class='ocrx_word' id='word_1_32' title='bbox 370 762 467 840; x_wconf 76' lang='grc' dir='ltr'><strong><em>αίτιος</em></strong></span> <span class='ocrx_word' id='word_1_33' title='bbox 490 766 542 828; x_wconf 82' lang='grc' dir='ltr'><strong><em>καί</em></strong></span> <span class='ocrx_word' id='word_1_34' title='bbox 563 771 601 850; x_wconf 79' lang='grc' dir='ltr'><strong>τῇ</strong></span> <span class='ocrx_word' id='word_1_35' title='bbox 618 768 754 854; x_wconf 75' lang='grc' dir='ltr'><strong>πολιτείᾳ</strong></span> <span class='ocrx_word' id='word_1_36' title='bbox 771 763 980 850; x_wconf 79' lang='grc' dir='ltr'><strong><em>λυμηνάμενος</em></strong></span> <span class='ocrx_word' id='word_1_37' title='bbox 995 762 1099 852; x_wconf 79' lang='grc' dir='ltr'><strong><em>ἀπόσῃ</em></strong></span> <span class='ocrx_word' id='word_1_38' title='bbox 1117 768 1203 850; x_wconf 68' lang='lat' dir='ltr'><strong>uturp</strong></span> <span class='ocrx_word' id='word_1_39' title='bbox 1219 769 1328 842; x_wconf 71' lang='grc' dir='ltr'><strong><em>ἐξέτισε</em></strong></span> 
     </span>
     <span class='ocr_line' id='line_1_6' title="bbox 224 866 1360 955; baseline 0.001 -23"><span class='ocrx_word' id='word_1_40' title='bbox 224 873 287 932; x_wconf 89' lang='grc' dir='ltr'><strong>τῶν</strong></span> <span class='ocrx_word' id='word_1_41' title='bbox 303 867 570 955; x_wconf 70' lang='grc' dir='ltr'><strong><em>πεπονηρευμένον</em></strong></span> <span class='ocrx_word' id='word_1_42' title='bbox 587 867 692 946; x_wconf 81' lang='grc' dir='ltr'><strong><em>ἀξίαν,</em></strong></span> <span class='ocrx_word' id='word_1_43' title='bbox 718 866 889 955; x_wconf 83' lang='grc' dir='ltr'><strong><em>Εάτρόπιος</em></strong></span> <span class='ocrx_word' id='word_1_44' title='bbox 911 870 944 934; x_wconf 75' lang='lat' dir='ltr'><strong>tt</strong></span> <span class='ocrx_word' id='word_1_45' title='bbox 958 868 1034 954; x_wconf 85' lang='grc' dir='ltr'><strong><em>πρὸς</em></strong></span> <span class='ocrx_word' id='word_1_46' title='bbox 1050 867 1149 934; x_wconf 79' lang='grc' dir='ltr'><strong><em>πιόντα</em></strong></span> <span class='ocrx_word' id='word_1_47' title='bbox 1165 873 1360 952; x_wconf 69' lang='grc' dir='ltr'><strong><em>Στελίχωνιῖ)</em></strong></span> 
     </span>
     <span class='ocr_line' id='line_1_7' title="bbox 225 968 1329 1060; baseline 0.003 -25"><span class='ocrx_word' id='word_1_48' title='bbox 225 968 413 1056; x_wconf 68' lang='grc' dir='ltr'><strong><em>συνεργῆσαι</em></strong></span> <span class='ocrx_word' id='word_1_49' title='bbox 435 969 476 1036; x_wconf 88' lang='grc' dir='ltr'><strong><em>τά</em></strong></span> <span class='ocrx_word' id='word_1_50' title='bbox 497 970 577 1036; x_wconf 82' lang='grc' dir='ltr'><strong><em>κατὰ</em></strong></span> <span class='ocrx_word' id='word_1_51' title='bbox 594 969 703 1038; x_wconf 90' lang='grc' dir='ltr'><strong><em>τοότου</em></strong></span> <span class='ocrx_word' id='word_1_52' title='bbox 717 973 942 1055; x_wconf 69' lang='grc' dir='ltr'><strong><em>βεβουλευμένα</em></strong></span> <span class='ocrx_word' id='word_1_53' title='bbox 957 979 1019 1038; x_wconf 90' lang='grc' dir='ltr'><strong>τῶν</strong></span> <span class='ocrx_word' id='word_1_54' title='bbox 1034 974 1066 1037; x_wconf 75' lang='grc' dir='ltr'><strong><em>ἓν</em></strong></span> <span class='ocrx_word' id='word_1_55' title='bbox 1080 979 1119 1059; x_wconf 83' lang='grc' dir='ltr'><strong>τῇ</strong></span> <span class='ocrx_word' id='word_1_56' title='bbox 1136 973 1216 1060; x_wconf 77' lang='grc' dir='ltr'><strong><em>αὐλῇ</em></strong></span> <span class='ocrx_word' id='word_1_57' title='bbox 1231 997 1329 1056; x_wconf 75' lang='grc' dir='ltr'><strong><em>τιρατ·</em></strong></span> 
     </span>
     <span class='ocr_line' id='line_1_8' title="bbox 224 1065 1329 1163; baseline 0.001 -24"><span class='ocrx_word' id='word_1_58' title='bbox 224 1073 360 1156; x_wconf 81' lang='grc' dir='ltr'><strong><em>τομίνων</em></strong></span> <span class='ocrx_word' id='word_1_59' title='bbox 379 1070 485 1160; x_wconf 88' lang='grc' dir='ltr'><strong><em>κόριος</em></strong></span> <span class='ocrx_word' id='word_1_60' title='bbox 502 1065 551 1158; x_wconf 79' lang='grc' dir='ltr'><strong><em>ἦν.</em></strong></span> <span class='ocrx_word' id='word_1_61' title='bbox 602 1082 655 1140; x_wconf 79' lang='grc' dir='ltr'><strong><em>καί</em></strong></span> <span class='ocrx_word' id='word_1_62' title='bbox 677 1074 733 1159; x_wconf 76' lang='grc' dir='ltr'><strong>τὴν</strong></span> <span class='ocrx_word' id='word_1_63' title='bbox 755 1077 812 1158; x_wconf 77' lang='grc' dir='ltr'><strong><em>μίν</em></strong></span> <span class='ocrx_word' id='word_1_64' title='bbox 825 1073 987 1163; x_wconf 83' lang='grc' dir='ltr'><strong><em>Ῥουφίνου</em></strong></span> <span class='ocrx_word' id='word_1_65' title='bbox 1007 1079 1181 1162; x_wconf 77' lang='grc' dir='ltr'><strong><em>περιουσίαν</em></strong></span> <span class='ocrx_word' id='word_1_66' title='bbox 1198 1076 1277 1142; x_wconf 85' lang='grc' dir='ltr'><strong><em>κατὰ</em></strong></span> <span class='ocrx_word' id='word_1_67' title='bbox 1294 1076 1329 1141; x_wconf 88' lang='grc' dir='ltr'><strong>τό</strong></span> 
     </span>
     <span class='ocr_line' id='line_1_9' title="bbox 223 1175 1330 1266; baseline 0.001 -25"><span class='ocrx_word' id='word_1_68' title='bbox 223 1179 319 1242; x_wconf 87' lang='grc' dir='ltr'><strong><em>’πλίον</em></strong></span> <span class='ocrx_word' id='word_1_69' title='bbox 339 1178 560 1266; x_wconf 75' lang='grc' dir='ltr'><strong><em>ἐσφετερίζετο,</em></strong></span> <span class='ocrx_word' id='word_1_70' title='bbox 585 1181 636 1243; x_wconf 81' lang='grc' dir='ltr'><strong><em>καὶ</em></strong></span> <span class='ocrx_word' id='word_1_71' title='bbox 659 1175 781 1265; x_wconf 72' lang='grc' dir='ltr'><strong><em>ἕτίρους</em></strong></span> <span class='ocrx_word' id='word_1_72' title='bbox 802 1177 939 1255; x_wconf 66' lang='lat' dir='ltr'><strong>iniuriosis</strong></span> <span class='ocrx_word' id='word_1_73' title='bbox 961 1181 994 1246; x_wconf 77' lang='grc' dir='ltr'><strong>ἐκ</strong></span> <span class='ocrx_word' id='word_1_74' title='bbox 1014 1177 1129 1262; x_wconf 87' lang='grc' dir='ltr'><strong><em>ταότης</em></strong></span> <span class='ocrx_word' id='word_1_75' title='bbox 1141 1183 1330 1246; x_wconf 71' lang='grc' dir='ltr'><strong><em>οἰκειοῦσθαι</em></strong></span> 
     </span>
     <span class='ocr_line' id='line_1_10' title="bbox 228 1278 1330 1369; baseline 0 -23"><span class='ocrx_word' id='word_1_76' title='bbox 228 1280 270 1346; x_wconf 81' lang='grc' dir='ltr'><strong>τό</strong></span> <span class='ocrx_word' id='word_1_77' title='bbox 289 1278 431 1347; x_wconf 73' lang='grc' dir='ltr'><strong><em>ὁπωσοῦν</em></strong></span> <span class='ocrx_word' id='word_1_78' title='bbox 448 1280 521 1357; x_wconf 81' lang='grc' dir='ltr'><strong><em>ἀξια</em></strong></span> <span class='ocrx_word' id='word_1_79' title='bbox 536 1285 591 1363; x_wconf 79' lang='grc' dir='ltr'><strong>τῆς</strong></span> <span class='ocrx_word' id='word_1_80' title='bbox 607 1281 703 1348; x_wconf 73' lang='grc' dir='ltr'><strong><em>αὐτοῦ</em></strong></span> <span class='ocrx_word' id='word_1_81' title='bbox 717 1280 851 1367; x_wconf 77' lang='grc' dir='ltr'><strong><em>κτήσεως</em></strong></span> <span class='ocrx_word' id='word_1_82' title='bbox 867 1279 1064 1365; x_wconf 85' lang='grc' dir='ltr'><strong><em>νομιζόμενα·</em></strong></span> <span class='ocrx_word' id='word_1_83' title='bbox 1090 1290 1145 1366; x_wconf 84' lang='grc' dir='ltr'><strong>τῆς</strong></span> <span class='ocrx_word' id='word_1_84' title='bbox 1161 1285 1195 1348; x_wconf 72' lang='grc' dir='ltr'><strong>δι’</strong></span> <span class='ocrx_word' id='word_1_85' title='bbox 1205 1279 1330 1369; x_wconf 86' lang='grc' dir='ltr'><strong><em>Ῥουφί-</em></strong></span> 
     </span>
     <span class='ocr_line' id='line_1_11' title="bbox 229 1373 1380 1476; baseline 0.002 -28"><span class='ocrx_word' id='word_1_86' title='bbox 229 1410 283 1449; x_wconf 87' lang='grc' dir='ltr'><strong>ιον</strong></span> <span class='ocrx_word' id='word_1_87' title='bbox 304 1391 439 1470; x_wconf 81' lang='grc' dir='ltr'><strong><em>γαμετῆς</em></strong></span> <span class='ocrx_word' id='word_1_88' title='bbox 457 1384 513 1450; x_wconf 77' lang='grc' dir='ltr'><strong><em>οὖν</em></strong></span> <span class='ocrx_word' id='word_1_89' title='bbox 535 1389 575 1470; x_wconf 77' lang='grc' dir='ltr'><strong>τῇ</strong></span> <span class='ocrx_word' id='word_1_90' title='bbox 588 1388 723 1473; x_wconf 69' lang='grc' dir='ltr'><strong><em>θυγατρί</em></strong></span> <span class='ocrx_word' id='word_1_91' title='bbox 737 1393 776 1473; x_wconf 81' lang='grc' dir='ltr'><strong>τῇ</strong></span> <span class='ocrx_word' id='word_1_92' title='bbox 790 1373 850 1454; x_wconf 81' lang='grc' dir='ltr'><strong>τῶν</strong></span> <span class='ocrx_word' id='word_1_93' title='bbox 864 1390 1060 1472; x_wconf 82' lang='grc' dir='ltr'><strong><em>Χριστιανῶν</em></strong></span> <span class='ocrx_word' id='word_1_94' title='bbox 1075 1387 1219 1476; x_wconf 80' lang='grc' dir='ltr'><strong><em>ίκκλησίφ</em></strong></span> <span class='ocrx_word' id='word_1_95' title='bbox 1232 1411 1330 1472; x_wconf 82' lang='grc' dir='ltr'><strong><em>προσ·</em></strong></span> <span class='ocrx_word' id='word_1_96' title='bbox 1340 1398 1380 1450; x_wconf 86' lang='grc'><strong>10</strong></span> 
     </span>
     <span class='ocr_line' id='line_1_12' title="bbox 231 1485 1330 1576; baseline 0.001 -24"><span class='ocrx_word' id='word_1_97' title='bbox 231 1485 411 1574; x_wconf 82' lang='grc' dir='ltr'><strong><em>όραμοόσης</em></strong></span> <span class='ocrx_word' id='word_1_98' title='bbox 435 1488 494 1552; x_wconf 79' lang='grc' dir='ltr'><strong><em>δίει</em></strong></span> <span class='ocrx_word' id='word_1_99' title='bbox 520 1494 577 1552; x_wconf 81' lang='grc' dir='ltr'><strong>τοῦ</strong></span> <span class='ocrx_word' id='word_1_100' title='bbox 600 1488 645 1572; x_wconf 79' lang='grc' dir='ltr'><strong>μὴ</strong></span> <span class='ocrx_word' id='word_1_101' title='bbox 668 1491 896 1558; x_wconf 71' lang='grc' dir='ltr'><strong><em>συναπολίσθαι</em></strong></span> <span class='ocrx_word' id='word_1_102' title='bbox 919 1496 963 1576; x_wconf 78' lang='grc' dir='ltr'><strong>τῷ</strong></span> <span class='ocrx_word' id='word_1_103' title='bbox 984 1490 1088 1576; x_wconf 84' lang='grc' dir='ltr'><strong><em>ἀνδρί,</em></strong></span> <span class='ocrx_word' id='word_1_104' title='bbox 1115 1493 1215 1556; x_wconf 87' lang='grc' dir='ltr'><strong><em>πίστιν</em></strong></span> <span class='ocrx_word' id='word_1_105' title='bbox 1228 1486 1330 1566; x_wconf 65' lang='lat' dir='ltr'><strong>belgi</strong></span> 
     </span>
     <span class='ocr_line' id='line_1_13' title="bbox 230 1589 1331 1679; baseline 0 -23"><span class='ocrx_word' id='word_1_106' title='bbox 230 1589 402 1679; x_wconf 77' lang='grc' dir='ltr'><strong><em>Εὗτρότιιος</em></strong></span> <span class='ocrx_word' id='word_1_107' title='bbox 421 1593 532 1679; x_wconf 69' lang='grc' dir='ltr'><strong><em>ἐφῆκεν</em></strong></span> <span class='ocrx_word' id='word_1_108' title='bbox 548 1591 657 1669; x_wconf 82' lang='grc' dir='ltr'><strong><em>αάταῖς</em></strong></span> <span class='ocrx_word' id='word_1_109' title='bbox 670 1596 713 1670; x_wconf 87' lang='grc' dir='ltr'><strong>είς</strong></span> <span class='ocrx_word' id='word_1_110' title='bbox 729 1593 785 1676; x_wconf 80' lang='grc' dir='ltr'><strong>τὴν</strong></span> <span class='ocrx_word' id='word_1_111' title='bbox 802 1593 881 1660; x_wconf 87' lang='grc' dir='ltr'><strong><em>κατά</em></strong></span> <span class='ocrx_word' id='word_1_112' title='bbox 893 1591 1090 1679; x_wconf 83' lang='grc' dir='ltr'><strong><em>Ἱεροσόλυμα</em></strong></span> <span class='ocrx_word' id='word_1_113' title='bbox 1105 1591 1193 1657; x_wconf 86' lang='grc' dir='ltr'><strong><em>πόλιν</em></strong></span> <span class='ocrx_word' id='word_1_114' title='bbox 1207 1594 1331 1658; x_wconf 81' lang='grc' dir='ltr'><strong><em>ίκπλεῦ-</em></strong></span> 
     </span>
     <span class='ocr_line' id='line_1_14' title="bbox 229 1688 1331 1780; baseline -0.002 -18"><span class='ocrx_word' id='word_1_115' title='bbox 229 1721 301 1776; x_wconf 90' lang='grc' dir='ltr'><strong><em>σαι,</em></strong></span> <span class='ocrx_word' id='word_1_116' title='bbox 327 1694 422 1761; x_wconf 90' lang='grc' dir='ltr'><strong><em>πάλαι</em></strong></span> <span class='ocrx_word' id='word_1_117' title='bbox 444 1695 500 1777; x_wconf 72' lang='grc' dir='ltr'><strong><em>μὲν</em></strong></span> <span class='ocrx_word' id='word_1_118' title='bbox 521 1693 694 1780; x_wconf 76' lang='grc' dir='ltr'><strong><em>οἰκητήριον</em></strong></span> <span class='ocrx_word' id='word_1_119' title='bbox 712 1697 868 1762; x_wconf 79' lang='grc' dir='ltr'><strong><em>Ἰουδαίων</em></strong></span> <span class='ocrx_word' id='word_1_120' title='bbox 888 1688 983 1764; x_wconf 75' lang='grc' dir='ltr'><strong><em>οὖσαν</em></strong></span> <span class='ocrx_word' id='word_1_121' title='bbox 988 1745 999 1776; x_wconf 87' lang='grc'><strong><em>,</em></strong></span> <span class='ocrx_word' id='word_1_122' title='bbox 1025 1697 1085 1764; x_wconf 83' lang='grc' dir='ltr'><strong>ἀπό</strong></span> <span class='ocrx_word' id='word_1_123' title='bbox 1112 1698 1146 1762; x_wconf 78' lang='grc' dir='ltr'><strong>ἀὲ</strong></span> <span class='ocrx_word' id='word_1_124' title='bbox 1169 1703 1223 1779; x_wconf 82' lang='grc' dir='ltr'><strong>τῆς</strong></span> <span class='ocrx_word' id='word_1_125' title='bbox 1241 1699 1331 1760; x_wconf 85' lang='grc' dir='ltr'><strong><em>Κων-</em></strong></span> 
     </span>
     <span class='ocr_line' id='line_1_15' title="bbox 228 1795 1331 1893; baseline -0.005 -25"><span class='ocrx_word' id='word_1_126' title='bbox 228 1801 388 1868; x_wconf 91' lang='grc' dir='ltr'><strong><em>σταντίνου</em></strong></span> <span class='ocrx_word' id='word_1_127' title='bbox 403 1801 568 1893; x_wconf 74' lang='grc' dir='ltr'><strong>Ιβασιλείας</strong></span> <span class='ocrx_word' id='word_1_128' title='bbox 590 1795 650 1864; x_wconf 76' lang='grc' dir='ltr'><strong>ἀπό</strong></span> <span class='ocrx_word' id='word_1_129' title='bbox 671 1803 868 1885; x_wconf 78' lang='grc' dir='ltr'><strong><em>Χριστιανῶν</em></strong></span> <span class='ocrx_word' id='word_1_130' title='bbox 889 1802 1060 1885; x_wconf 77' lang='grc' dir='ltr'><strong><em>τιμωμένην</em></strong></span> <span class='ocrx_word' id='word_1_131' title='bbox 1081 1797 1331 1882; x_wconf 76' lang='grc' dir='ltr'><strong><em>οἶκοιλομήμασιν.</em></strong></span> 
     </span>
     <span class='ocr_line' id='line_1_16' title="bbox 228 1894 1378 1992; baseline -0.001 -23"><span class='ocrx_word' id='word_1_132' title='bbox 228 1906 338 1970; x_wconf 82' lang='grc' dir='ltr'><strong><em>ίκεῒναι</em></strong></span> <span class='ocrx_word' id='word_1_133' title='bbox 353 1904 410 1986; x_wconf 68' lang='grc' dir='ltr'><strong><em>μὲν</em></strong></span> <span class='ocrx_word' id='word_1_134' title='bbox 423 1894 479 1968; x_wconf 83' lang='grc' dir='ltr'><strong><em>οόν</em></strong></span> <span class='ocrx_word' id='word_1_135' title='bbox 493 1899 605 1968; x_wconf 71' lang='grc' dir='ltr'><strong><em>αὐτόθι</em></strong></span> <span class='ocrx_word' id='word_1_136' title='bbox 617 1901 670 1968; x_wconf 85' lang='grc' dir='ltr'><strong>τόν</strong></span> <span class='ocrx_word' id='word_1_137' title='bbox 685 1901 860 1987; x_wconf 83' lang='grc' dir='ltr'><strong><em>λειπόμενον</em></strong></span> <span class='ocrx_word' id='word_1_138' title='bbox 876 1908 932 1969; x_wconf 76' lang='grc' dir='ltr'><strong>τοῦ</strong></span> <span class='ocrx_word' id='word_1_139' title='bbox 944 1908 1014 1988; x_wconf 76' lang='grc' dir='ltr'><strong><em>βίον</em></strong></span> <span class='ocrx_word' id='word_1_140' title='bbox 1032 1905 1192 1992; x_wconf 83' lang='grc' dir='ltr'><strong><em>όιίτριψαν</em></strong></span> <span class='ocrx_word' id='word_1_141' title='bbox 1205 1899 1329 1988; x_wconf 76' lang='grc' dir='ltr'><strong><em>χρόνον·</em></strong></span> <span class='ocrx_word' id='word_1_142' title='bbox 1341 1913 1378 1968; x_wconf 84' lang='grc'><strong>15</strong></span> 
     </span>
     <span class='ocr_line' id='line_1_17' title="bbox 227 1997 1333 2093; baseline -0.003 -20"><span class='ocrx_word' id='word_1_143' title='bbox 227 2005 401 2093; x_wconf 84' lang='grc' dir='ltr'><strong><em>Εάτρότιιος</em></strong></span> <span class='ocrx_word' id='word_1_144' title='bbox 425 2007 459 2072; x_wconf 77' lang='lat' dir='ltr'><strong>ot</strong></span> <span class='ocrx_word' id='word_1_145' title='bbox 480 2003 615 2084; x_wconf 83' lang='grc' dir='ltr'><strong><em>πάντας,</em></strong></span> <span class='ocrx_word' id='word_1_146' title='bbox 647 1997 691 2072; x_wconf 79' lang='grc' dir='ltr'><strong><em>ὧν</em></strong></span> <span class='ocrx_word' id='word_1_147' title='bbox 710 2006 757 2090; x_wconf 75' lang='grc' dir='ltr'><strong>εἴη</strong></span> <span class='ocrx_word' id='word_1_148' title='bbox 778 2033 824 2084; x_wconf 90' lang='grc' dir='ltr'><strong>τις</strong></span> <span class='ocrx_word' id='word_1_149' title='bbox 844 2004 947 2092; x_wconf 86' lang='grc' dir='ltr'><strong><em>λόγος,</em></strong></span> <span class='ocrx_word' id='word_1_150' title='bbox 981 2007 1117 2074; x_wconf 79' lang='grc' dir='ltr'><strong><em>ίκποόῶν</em></strong></span> <span class='ocrx_word' id='word_1_151' title='bbox 1142 2013 1333 2089; x_wconf 83' lang='grc' dir='ltr'><strong><em>καταστῆσαι</em></strong></span> 
     </span>
    </p>

    <p class='ocr_par' dir='ltr' id='par_1_4' title="bbox 118 2105 1379 2717">
     <span class='ocr_line' id='line_1_18' title="bbox 118 2105 1334 2196; baseline -0.005 -16"><span class='ocrx_word' id='word_1_152' title='bbox 118 2141 144 2180; x_wconf 86' lang='lat' dir='ltr'><strong>e.</strong></span> <span class='ocrx_word' id='word_1_153' title='bbox 160 2126 214 2182; x_wconf 80' lang='grc'><strong>896</strong></span> <span class='ocrx_word' id='word_1_154' title='bbox 228 2108 432 2195; x_wconf 74' lang='grc' dir='ltr'><strong><em>βουλόμενος,</em></strong></span> <span class='ocrx_word' id='word_1_155' title='bbox 457 2105 500 2184; x_wconf 83' lang='grc' dir='ltr'><strong><em>ῶς</em></strong></span> <span class='ocrx_word' id='word_1_156' title='bbox 516 2107 554 2172; x_wconf 85' lang='grc' dir='ltr'><strong><em>ἀν</em></strong></span> <span class='ocrx_word' id='word_1_157' title='bbox 568 2111 676 2191; x_wconf 75' lang='grc' dir='ltr'><strong><em>μηδεὶς</em></strong></span> <span class='ocrx_word' id='word_1_158' title='bbox 689 2109 790 2196; x_wconf 65' lang='grc' dir='ltr'><strong><em>ἕτερος</em></strong></span> <span class='ocrx_word' id='word_1_159' title='bbox 810 2108 890 2194; x_wconf 80' lang='grc' dir='ltr'><strong><em>πλὴν</em></strong></span> <span class='ocrx_word' id='word_1_160' title='bbox 905 2110 1001 2176; x_wconf 77' lang='grc' dir='ltr'><strong><em>αὐτοῦ</em></strong></span> <span class='ocrx_word' id='word_1_161' title='bbox 1014 2115 1140 2193; x_wconf 78' lang='grc' dir='ltr'><strong><em>βασιλεῖ</em></strong></span> <span class='ocrx_word' id='word_1_162' title='bbox 1153 2113 1334 2194; x_wconf 82' lang='grc' dir='ltr'><strong><em>παραδυνα-</em></strong></span> 
     </span>
     <span class='ocr_line' id='line_1_19' title="bbox 227 2210 1333 2301; baseline -0.004 -20"><span class='ocrx_word' id='word_1_163' title='bbox 227 2211 319 2300; x_wconf 81' lang='grc' dir='ltr'><strong><em>στεόῃ</em></strong></span> <span class='ocrx_word' id='word_1_164' title='bbox 328 2262 338 2292; x_wconf 87' lang='grc'><strong><em>,</em></strong></span> <span class='ocrx_word' id='word_1_165' title='bbox 358 2215 410 2278; x_wconf 80' lang='grc' dir='ltr'><strong><em>καὶ</em></strong></span> <span class='ocrx_word' id='word_1_166' title='bbox 427 2213 476 2276; x_wconf 74' lang='lat' dir='ltr'><strong>tut</strong></span> <span class='ocrx_word' id='word_1_167' title='bbox 494 2213 637 2298; x_wconf 82' lang='grc' dir='ltr'><strong><em>Τιμασίιμ</em></strong></span> <span class='ocrx_word' id='word_1_168' title='bbox 653 2219 880 2299; x_wconf 85' lang='grc' dir='ltr'><strong><em>στρατιωτικῶν</em></strong></span> <span class='ocrx_word' id='word_1_169' title='bbox 895 2210 1077 2301; x_wconf 76' lang='grc' dir='ltr'><strong><em>ἧγησαμίνιμ</em></strong></span> <span class='ocrx_word' id='word_1_170' title='bbox 1095 2211 1258 2298; x_wconf 81' lang='grc' dir='ltr'><strong><em>ταγμάτων</em></strong></span> <span class='ocrx_word' id='word_1_171' title='bbox 1273 2211 1333 2278; x_wconf 82' lang='grc' dir='ltr'><strong>ἀπό</strong></span> 
     </span>
     <span class='ocr_line' id='line_1_20' title="bbox 227 2314 1334 2410; baseline -0.004 -25"><span class='ocrx_word' id='word_1_172' title='bbox 227 2324 290 2386; x_wconf 89' lang='grc' dir='ltr'><strong>τῶν</strong></span> <span class='ocrx_word' id='word_1_173' title='bbox 310 2314 483 2392; x_wconf 80' lang='grc' dir='ltr'><strong><em>Οάἀλεντος</em></strong></span> <span class='ocrx_word' id='word_1_174' title='bbox 504 2317 556 2380; x_wconf 81' lang='grc' dir='ltr'><strong><em>καλ</em></strong></span> <span class='ocrx_word' id='word_1_175' title='bbox 577 2320 699 2380; x_wconf 87' lang='grc' dir='ltr'><strong><em>πολλῶν</em></strong></span> <span class='ocrx_word' id='word_1_176' title='bbox 717 2315 898 2400; x_wconf 75' lang='grc' dir='ltr'><strong><em>μετασχόντι</em></strong></span> <span class='ocrx_word' id='word_1_177' title='bbox 917 2318 1057 2400; x_wconf 87' lang='grc' dir='ltr'><strong><em>πολίμων</em></strong></span> <span class='ocrx_word' id='word_1_178' title='bbox 1069 2317 1334 2410; x_wconf 74' lang='grc' dir='ltr'><strong><em>ἓνιιβουλὴγλστη-</em></strong></span> 
     </span>
     <span class='ocr_line' id='line_1_21' title="bbox 228 2412 1379 2508; baseline 0.003 -21"><span class='ocrx_word' id='word_1_179' title='bbox 228 2447 296 2500; x_wconf 88' lang='grc' dir='ltr'><strong><em>σιν,</em></strong></span> <span class='ocrx_word' id='word_1_180' title='bbox 331 2421 476 2501; x_wconf 81' lang='grc' dir='ltr'><strong><em>οάιλεμιῶς</em></strong></span> <span class='ocrx_word' id='word_1_181' title='bbox 504 2421 605 2495; x_wconf 71' lang='grc' dir='ltr'><strong><em>αἰτίας</em></strong></span> <span class='ocrx_word' id='word_1_182' title='bbox 635 2414 781 2504; x_wconf 79' lang='grc' dir='ltr'><strong><em>όποόσης.</em></strong></span> <span class='ocrx_word' id='word_1_183' title='bbox 833 2412 871 2503; x_wconf 82' lang='grc' dir='ltr'><strong><em>ἦν</em></strong></span> <span class='ocrx_word' id='word_1_184' title='bbox 898 2422 931 2486; x_wconf 75' lang='grc' dir='ltr'><strong>δὲ</strong></span> <span class='ocrx_word' id='word_1_185' title='bbox 956 2417 976 2504; x_wconf 77' lang='grc' dir='ltr'><em>ἡ</em></span> <span class='ocrx_word' id='word_1_186' title='bbox 1003 2422 1193 2508; x_wconf 84' lang='grc' dir='ltr'><strong><em>συκοφαντία</em></strong></span> <span class='ocrx_word' id='word_1_187' title='bbox 1220 2417 1379 2490; x_wconf 59' lang='lat' dir='ltr'><strong>vualtero</strong></span> 
     </span>
     <span class='ocr_line' id='line_1_22' title="bbox 228 2521 1335 2615; baseline -0.001 -27"><span class='ocrx_word' id='word_1_188' title='bbox 228 2524 299 2610; x_wconf 84' lang='grc'><strong>(9)</strong></span> <span class='ocrx_word' id='word_1_189' title='bbox 325 2521 450 2610; x_wconf 83' lang='grc' dir='ltr'><strong><em>Βόργυς</em></strong></span> <span class='ocrx_word' id='word_1_190' title='bbox 467 2523 501 2586; x_wconf 77' lang='grc' dir='ltr'><strong><em>ἓν</em></strong></span> <span class='ocrx_word' id='word_1_191' title='bbox 518 2528 574 2605; x_wconf 80' lang='grc' dir='ltr'><strong>τῆς</strong></span> <span class='ocrx_word' id='word_1_192' title='bbox 593 2524 626 2587; x_wconf 84' lang='grc' dir='ltr'><strong><em>ίν</em></strong></span> <span class='ocrx_word' id='word_1_193' title='bbox 643 2525 744 2615; x_wconf 74' lang='grc' dir='ltr'><strong><em>Συρία</em></strong></span> <span class='ocrx_word' id='word_1_194' title='bbox 759 2525 951 2602; x_wconf 75' lang='grc' dir='ltr'><strong><em>Λαοδικείας</em></strong></span> <span class='ocrx_word' id='word_1_195' title='bbox 966 2521 1161 2612; x_wconf 82' lang='grc' dir='ltr'><strong><em>ὁρμώμενος,</em></strong></span> <span class='ocrx_word' id='word_1_196' title='bbox 1183 2524 1335 2600; x_wconf 80' lang='grc' dir='ltr'><strong><em>ἀλλᾶντας</em></strong></span> 
     </span>
     <span class='ocr_line' id='line_1_23' title="bbox 229 2625 1334 2717; baseline -0.004 -23"><span class='ocrx_word' id='word_1_197' title='bbox 229 2629 339 2705; x_wconf 78' lang='grc' dir='ltr'><strong><em>ὠνίους</em></strong></span> <span class='ocrx_word' id='word_1_198' title='bbox 361 2627 413 2692; x_wconf 71' lang='grc' dir='ltr'><strong>ἐπ’</strong></span> <span class='ocrx_word' id='word_1_199' title='bbox 440 2625 539 2717; x_wconf 73' lang='grc' dir='ltr'><strong><em>ἀγορᾷ</em></strong></span> <span class='ocrx_word' id='word_1_200' title='bbox 563 2628 736 2712; x_wconf 74' lang='grc' dir='ltr'><strong><em>προτιθείς,</em></strong></span> <span class='ocrx_word' id='word_1_201' title='bbox 763 2629 815 2694; x_wconf 82' lang='grc' dir='ltr'><strong><em>ίιιί</em></strong></span> <span class='ocrx_word' id='word_1_202' title='bbox 837 2653 916 2694; x_wconf 90' lang='grc' dir='ltr'><strong><em>τισιν</em></strong></span> <span class='ocrx_word' id='word_1_203' title='bbox 938 2625 1032 2705; x_wconf 78' lang='grc' dir='ltr'><strong><em>ἃλοός</em></strong></span> <span class='ocrx_word' id='word_1_204' title='bbox 1056 2625 1250 2712; x_wconf 81' lang='grc' dir='ltr'><strong><em>ἀτοπήμασιν</em></strong></span> <span class='ocrx_word' id='word_1_205' title='bbox 1274 2626 1334 2691; x_wconf 87' lang='grc' dir='ltr'><strong>ἀπό</strong></span> 
     </span>
    </p>

    <p class='ocr_par' dir='ltr' id='par_1_5' title="bbox 298 2768 1335 2859">
     <span class='ocr_line' id='line_1_24' title="bbox 298 2768 1335 2859; baseline -0.007 -14"><span class='ocrx_word' id='word_1_206' title='bbox 298 2791 317 2845; x_wconf 85' lang='lat' dir='ltr'><strong>o</strong></span> <span class='ocrx_word' id='word_1_207' title='bbox 336 2785 432 2844; x_wconf 59' lang='grc' dir='ltr'><strong><em>ωεστ</em></strong></span> <span class='ocrx_word' id='word_1_208' title='bbox 448 2789 472 2842; x_wconf 80' lang='lat'><strong>1.</strong></span> <span class='ocrx_word' id='word_1_209' title='bbox 489 2768 586 2859; x_wconf 53' lang='lat' dir='ltr'><strong>margo.</strong></span> <span class='ocrx_word' id='word_1_210' title='bbox 681 2790 715 2844; x_wconf 83' lang='grc' dir='ltr'><strong>ιε</strong></span> <span class='ocrx_word' id='word_1_211' title='bbox 732 2787 777 2856; x_wconf 70' lang='grc' dir='ltr'><strong>ειη</strong></span> <span class='ocrx_word' id='word_1_212' title='bbox 794 2789 835 2857; x_wconf 85' lang='grc' dir='ltr'><strong>ιι,</strong></span> <span class='ocrx_word' id='word_1_213' title='bbox 852 2779 890 2858; x_wconf 64' lang='grc' dir='ltr'><strong>ἦν</strong></span> <span class='ocrx_word' id='word_1_214' title='bbox 906 2791 941 2858; x_wconf 86' lang='lat' dir='ltr'><strong>a,</strong></span> <span class='ocrx_word' id='word_1_215' title='bbox 960 2787 989 2844; x_wconf 69' lang='grc' dir='ltr'><strong>ιι</strong></span> <span class='ocrx_word' id='word_1_216' title='bbox 1001 2789 1056 2844; x_wconf 82' lang='lat' dir='ltr'><strong>ur.</strong></span> <span class='ocrx_word' id='word_1_217' title='bbox 1151 2791 1184 2844; x_wconf 83' lang='grc' dir='ltr'><strong>ιε</strong></span> <span class='ocrx_word' id='word_1_218' title='bbox 1202 2783 1260 2841; x_wconf 64' lang='grc' dir='ltr'><strong>σιω</strong></span> <span class='ocrx_word' id='word_1_219' title='bbox 1278 2787 1335 2839; x_wconf 61' lang='grc' dir='ltr'><strong>τε,</strong></span> 
     </span>
    </p>
   </div>
   <div class='ocr_carea' id='block_1_3' title="bbox 299 2853 1335 2984">
    <p class='ocr_par' dir='ltr' id='par_1_6' title="bbox 299 2853 1335 2984">
     <span class='ocr_line' id='line_1_25' title="bbox 299 2853 1335 2984; baseline -0.004 -72"><span class='ocrx_word' id='word_1_220' title='bbox 299 2857 484 2984; x_wconf 48' lang='grc' dir='ltr'><strong>ιῶμγίοίσλὶενέοςᾶ</strong></span> <span class='ocrx_word' id='word_1_221' title='bbox 493 2859 692 2914; x_wconf 84' lang='lat' dir='ltr'><strong>subaudiendum</strong></span> <span class='ocrx_word' id='word_1_222' title='bbox 707 2856 826 2928; x_wconf 65' lang='grc' dir='ltr'><strong><em>χρόνων.</em></strong></span> <span class='ocrx_word' id='word_1_223' title='bbox 843 2861 871 2914; x_wconf 76' lang='lat' dir='ltr'><strong>S.</strong></span> <span class='ocrx_word' id='word_1_224' title='bbox 968 2861 1003 2916; x_wconf 80' lang='lat'><strong>22</strong></span> <span class='ocrx_word' id='word_1_225' title='bbox 1019 2857 1139 2912; x_wconf 84' lang='lat' dir='ltr'><strong>usitatius</strong></span> <span class='ocrx_word' id='word_1_226' title='bbox 1156 2853 1203 2911; x_wconf 78' lang='grc' dir='ltr'><strong>ἐπ’</strong></span> <span class='ocrx_word' id='word_1_227' title='bbox 1221 2855 1335 2925; x_wconf 77' lang='grc' dir='ltr'><strong><em>ἀγορᾶς.</em></strong></span> 
     </span>
    </p>
   </div>
   <div class='ocr_carea' id='block_1_4' title="bbox 230 3063 1343 4385">
    <p class='ocr_par' dir='ltr' id='par_1_7' title="bbox 231 3063 1337 3208">
     <span class='ocr_line' id='line_1_26' title="bbox 232 3063 1337 3139; baseline -0.005 -16"><span class='ocrx_word' id='word_1_228' title='bbox 232 3069 310 3133; x_wconf 82' lang='lat' dir='ltr'><strong>baut,</strong></span> <span class='ocrx_word' id='word_1_229' title='bbox 328 3069 359 3121; x_wconf 90' lang='lat' dir='ltr'><strong>ut</strong></span> <span class='ocrx_word' id='word_1_230' title='bbox 370 3071 398 3120; x_wconf 88' lang='lat' dir='ltr'><strong>et</strong></span> <span class='ocrx_word' id='word_1_231' title='bbox 408 3081 508 3120; x_wconf 86' lang='lat' dir='ltr'><strong>manum</strong></span> <span class='ocrx_word' id='word_1_232' title='bbox 520 3067 575 3120; x_wconf 88' lang='lat' dir='ltr'><strong>eius</strong></span> <span class='ocrx_word' id='word_1_233' title='bbox 586 3065 682 3138; x_wconf 86' lang='lat' dir='ltr'><strong>ubique</strong></span> <span class='ocrx_word' id='word_1_234' title='bbox 691 3083 740 3139; x_wconf 84' lang='lat' dir='ltr'><strong>per</strong></span> <span class='ocrx_word' id='word_1_235' title='bbox 749 3066 840 3120; x_wconf 82' lang='lat' dir='ltr'><strong>urbem</strong></span> <span class='ocrx_word' id='word_1_236' title='bbox 855 3065 1097 3134; x_wconf 68' lang='lat' dir='ltr'><strong>circumportarent,</strong></span> <span class='ocrx_word' id='word_1_237' title='bbox 1114 3067 1142 3119; x_wconf 90' lang='lat' dir='ltr'><strong>et</strong></span> <span class='ocrx_word' id='word_1_238' title='bbox 1152 3063 1186 3119; x_wconf 84' lang='lat' dir='ltr'><strong>ab</strong></span> <span class='ocrx_word' id='word_1_239' title='bbox 1197 3079 1337 3118; x_wconf 78' lang='lat' dir='ltr'><strong>oecumen-</strong></span> 
     </span>
     <span class='ocr_line' id='line_1_27' title="bbox 231 3137 810 3208; baseline 0 -16"><span class='ocrx_word' id='word_1_240' title='bbox 231 3140 445 3207; x_wconf 68' lang='lat' dir='ltr'><strong>erumpentem,</strong></span> <span class='ocrx_word' id='word_1_241' title='bbox 460 3138 596 3191; x_wconf 80' lang='lat' dir='ltr'><strong>inretisbili</strong></span> <span class='ocrx_word' id='word_1_242' title='bbox 605 3139 699 3208; x_wconf 86' lang='lat' dir='ltr'><strong>stipem</strong></span> <span class='ocrx_word' id='word_1_243' title='bbox 708 3137 810 3192; x_wconf 74' lang='lat' dir='ltr'><strong>dorent.</strong></span> 
     </span>
    </p>

    <p class='ocr_par' dir='ltr' id='par_1_8' title="bbox 230 3201 1343 4385">
     <span class='ocr_line' id='line_1_28' title="bbox 301 3201 1337 3276; baseline -0.01 -15"><span class='ocrx_word' id='word_1_244' title='bbox 301 3210 328 3262; x_wconf 86' lang='grc'><strong>8.</strong></span> <span class='ocrx_word' id='word_1_245' title='bbox 362 3208 402 3258; x_wconf 77' lang='grc' dir='ltr'><strong><em>λα</em></strong></span> <span class='ocrx_word' id='word_1_246' title='bbox 417 3207 527 3260; x_wconf 79' lang='lat' dir='ltr'><strong>Rufinus</strong></span> <span class='ocrx_word' id='word_1_247' title='bbox 545 3207 663 3276; x_wconf 79' lang='lat' dir='ltr'><strong>quidem,</strong></span> <span class='ocrx_word' id='word_1_248' title='bbox 688 3206 733 3275; x_wconf 87' lang='lat' dir='ltr'><strong>qui</strong></span> <span class='ocrx_word' id='word_1_249' title='bbox 751 3203 924 3276; x_wconf 71' lang='lat' dir='ltr'><strong>compluribus</strong></span> <span class='ocrx_word' id='word_1_250' title='bbox 936 3201 1133 3256; x_wconf 75' lang='lat' dir='ltr'><strong>intolerabilium</strong></span> <span class='ocrx_word' id='word_1_251' title='bbox 1147 3201 1269 3254; x_wconf 84' lang='lat' dir='ltr'><strong>malorum</strong></span> <span class='ocrx_word' id='word_1_252' title='bbox 1282 3201 1337 3270; x_wconf 85' lang='lat' dir='ltr'><strong>pri·</strong></span> 
     </span>
     <span class='ocr_line' id='line_1_29' title="bbox 232 3269 1338 3342; baseline -0.006 -14"><span class='ocrx_word' id='word_1_253' title='bbox 232 3275 312 3329; x_wconf 84' lang='lat' dir='ltr'><strong>vatim</strong></span> <span class='ocrx_word' id='word_1_254' title='bbox 323 3282 414 3329; x_wconf 81' lang='lat' dir='ltr'><strong>euetor</strong></span> <span class='ocrx_word' id='word_1_255' title='bbox 425 3275 565 3328; x_wconf 76' lang='lat' dir='ltr'><strong>exstiteret</strong></span> <span class='ocrx_word' id='word_1_256' title='bbox 575 3283 605 3328; x_wconf 89' lang='lat' dir='ltr'><strong>et</strong></span> <span class='ocrx_word' id='word_1_257' title='bbox 614 3275 750 3330; x_wconf 83' lang='lat' dir='ltr'><strong>universae</strong></span> <span class='ocrx_word' id='word_1_258' title='bbox 765 3276 805 3328; x_wconf 81' lang='lat' dir='ltr'><strong>rei</strong></span> <span class='ocrx_word' id='word_1_259' title='bbox 820 3273 938 3342; x_wconf 84' lang='lat' dir='ltr'><strong>publicae</strong></span> <span class='ocrx_word' id='word_1_260' title='bbox 949 3271 1128 3324; x_wconf 85' lang='lat' dir='ltr'><strong>detrimentum</strong></span> <span class='ocrx_word' id='word_1_261' title='bbox 1140 3269 1279 3332; x_wconf 86' lang='lat' dir='ltr'><strong>attulerat,</strong></span> <span class='ocrx_word' id='word_1_262' title='bbox 1297 3269 1338 3322; x_wconf 87' lang='lat' dir='ltr'><strong>di-</strong></span> 
     </span>
     <span class='ocr_line' id='line_1_30' title="bbox 231 3339 1338 3414; baseline -0.007 -16"><span class='ocrx_word' id='word_1_263' title='bbox 231 3363 297 3414; x_wconf 74' lang='lat' dir='ltr'><strong>gnas</strong></span> <span class='ocrx_word' id='word_1_264' title='bbox 315 3345 431 3398; x_wconf 81' lang='lat' dir='ltr'><strong>admissis</strong></span> <span class='ocrx_word' id='word_1_265' title='bbox 449 3344 603 3397; x_wconf 74' lang='lat' dir='ltr'><strong>facinoribus</strong></span> <span class='ocrx_word' id='word_1_266' title='bbox 621 3344 685 3398; x_wconf 89' lang='lat' dir='ltr'><strong>diris</strong></span> <span class='ocrx_word' id='word_1_267' title='bbox 696 3361 792 3414; x_wconf 88' lang='lat' dir='ltr'><strong>poeuaa</strong></span> <span class='ocrx_word' id='word_1_268' title='bbox 804 3344 859 3396; x_wconf 91' lang='lat' dir='ltr'><strong>luit.</strong></span> <span class='ocrx_word' id='word_1_269' title='bbox 894 3340 1038 3410; x_wconf 73' lang='lat' dir='ltr'><strong>Eutropius</strong></span> <span class='ocrx_word' id='word_1_270' title='bbox 1049 3347 1150 3404; x_wconf 84' lang='lat' dir='ltr'><strong>eutem,</strong></span> <span class='ocrx_word' id='word_1_271' title='bbox 1167 3356 1248 3408; x_wconf 85' lang='lat' dir='ltr'><strong>opere</strong></span> <span class='ocrx_word' id='word_1_272' title='bbox 1259 3339 1338 3392; x_wconf 80' lang='lat' dir='ltr'><strong>steti-</strong></span> 
     </span>
     <span class='ocr_line' id='line_1_31' title="bbox 230 3407 1339 3482; baseline -0.006 -15"><span class='ocrx_word' id='word_1_273' title='bbox 230 3414 307 3467; x_wconf 86' lang='lat' dir='ltr'><strong>eboni</strong></span> <span class='ocrx_word' id='word_1_274' title='bbox 317 3421 413 3468; x_wconf 75' lang='lat' dir='ltr'><strong>navate</strong></span> <span class='ocrx_word' id='word_1_275' title='bbox 423 3413 450 3465; x_wconf 89' lang='lat' dir='ltr'><strong>in</strong></span> <span class='ocrx_word' id='word_1_276' title='bbox 460 3414 577 3466; x_wconf 84' lang='lat' dir='ltr'><strong>omnibns</strong></span> <span class='ocrx_word' id='word_1_277' title='bbox 589 3429 656 3482; x_wconf 87' lang='lat' dir='ltr'><strong>quae</strong></span> <span class='ocrx_word' id='word_1_278' title='bbox 670 3421 761 3466; x_wconf 84' lang='lat' dir='ltr'><strong>contre</strong></span> <span class='ocrx_word' id='word_1_279' title='bbox 774 3413 894 3466; x_wconf 86' lang='lat' dir='ltr'><strong>Rufinum</strong></span> <span class='ocrx_word' id='word_1_280' title='bbox 905 3411 948 3462; x_wconf 90' lang='lat' dir='ltr'><strong>ille</strong></span> <span class='ocrx_word' id='word_1_281' title='bbox 960 3407 1116 3462; x_wconf 77' lang='lat' dir='ltr'><strong>machinatus</strong></span> <span class='ocrx_word' id='word_1_282' title='bbox 1127 3409 1228 3472; x_wconf 82' lang='lat' dir='ltr'><strong>lueret,</strong></span> <span class='ocrx_word' id='word_1_283' title='bbox 1246 3409 1296 3460; x_wconf 89' lang='lat' dir='ltr'><strong>iam</strong></span> <span class='ocrx_word' id='word_1_284' title='bbox 1307 3409 1339 3460; x_wconf 87' lang='lat' dir='ltr'><strong>iis</strong></span> 
     </span>
     <span class='ocr_line' id='line_1_32' title="bbox 230 3477 1338 3554; baseline -0.007 -17"><span class='ocrx_word' id='word_1_285' title='bbox 230 3500 300 3554; x_wconf 86' lang='lat' dir='ltr'><strong>quae</strong></span> <span class='ocrx_word' id='word_1_286' title='bbox 310 3489 451 3550; x_wconf 75' lang='lat' dir='ltr'><strong>agerentur</strong></span> <span class='ocrx_word' id='word_1_287' title='bbox 462 3483 490 3534; x_wconf 88' lang='lat' dir='ltr'><strong>in</strong></span> <span class='ocrx_word' id='word_1_288' title='bbox 501 3482 561 3534; x_wconf 86' lang='lat' dir='ltr'><strong>eula</strong></span> <span class='ocrx_word' id='word_1_289' title='bbox 571 3482 648 3552; x_wconf 81' lang='lat' dir='ltr'><strong>pleua</strong></span> <span class='ocrx_word' id='word_1_290' title='bbox 660 3499 717 3535; x_wconf 88' lang='lat' dir='ltr'><strong>oum</strong></span> <span class='ocrx_word' id='word_1_291' title='bbox 728 3489 857 3551; x_wconf 81' lang='lat' dir='ltr'><strong>potestate</strong></span> <span class='ocrx_word' id='word_1_292' title='bbox 867 3486 995 3550; x_wconf 78' lang='lat' dir='ltr'><strong>praeerat.</strong></span> <span class='ocrx_word' id='word_1_293' title='bbox 1031 3495 1063 3531; x_wconf 82' lang='lat' dir='ltr'><strong>ae</strong></span> <span class='ocrx_word' id='word_1_294' title='bbox 1080 3477 1168 3530; x_wconf 87' lang='lat' dir='ltr'><strong>Rufini</strong></span> <span class='ocrx_word' id='word_1_295' title='bbox 1184 3477 1286 3546; x_wconf 84' lang='lat' dir='ltr'><strong>quidem</strong></span> <span class='ocrx_word' id='word_1_296' title='bbox 1297 3479 1338 3530; x_wconf 85' lang='grc' dir='ltr'><strong>ίο·</strong></span> 
     </span>
     <span class='ocr_line' id='line_1_33' title="bbox 233 3545 1339 3620; baseline -0.008 -14"><span class='ocrx_word' id='word_1_297' title='bbox 233 3553 344 3606; x_wconf 75' lang='lat' dir='ltr'><strong>unitates</strong></span> <span class='ocrx_word' id='word_1_298' title='bbox 361 3551 412 3605; x_wconf 84' lang='lat' dir='ltr'><strong>eibi</strong></span> <span class='ocrx_word' id='word_1_299' title='bbox 430 3551 521 3604; x_wconf 82' lang='lat' dir='ltr'><strong>melori</strong></span> <span class='ocrx_word' id='word_1_300' title='bbox 533 3558 652 3620; x_wconf 84' lang='lat' dir='ltr'><strong>exparte</strong></span> <span class='ocrx_word' id='word_1_301' title='bbox 664 3551 790 3613; x_wconf 81' lang='lat' dir='ltr'><strong>vindicat,</strong></span> <span class='ocrx_word' id='word_1_302' title='bbox 812 3567 867 3604; x_wconf 84' lang='lat' dir='ltr'><strong>oum</strong></span> <span class='ocrx_word' id='word_1_303' title='bbox 880 3545 936 3602; x_wconf 90' lang='lat' dir='ltr'><strong>aliis</strong></span> <span class='ocrx_word' id='word_1_304' title='bbox 947 3563 1050 3616; x_wconf 86' lang='lat' dir='ltr'><strong>quoque</strong></span> <span class='ocrx_word' id='word_1_305' title='bbox 1066 3545 1248 3610; x_wconf 84' lang='lat' dir='ltr'><strong>oonoeesisset,</strong></span> <span class='ocrx_word' id='word_1_306' title='bbox 1265 3553 1295 3598; x_wconf 91' lang='lat' dir='ltr'><strong>ut</strong></span> <span class='ocrx_word' id='word_1_307' title='bbox 1306 3562 1339 3598; x_wconf 85' lang='lat' dir='ltr'><strong>ex</strong></span> 
     </span>
     <span class='ocr_line' id='line_1_34' title="bbox 231 3615 1338 3689; baseline -0.005 -15"><span class='ocrx_word' id='word_1_308' title='bbox 231 3621 264 3674; x_wconf 88' lang='lat' dir='ltr'><strong>iis</strong></span> <span class='ocrx_word' id='word_1_309' title='bbox 285 3638 318 3674; x_wconf 88' lang='lat' dir='ltr'><strong>ee</strong></span> <span class='ocrx_word' id='word_1_310' title='bbox 334 3619 384 3673; x_wconf 87' lang='lat' dir='ltr'><strong>sibi</strong></span> <span class='ocrx_word' id='word_1_311' title='bbox 403 3627 533 3674; x_wconf 86' lang='lat' dir='ltr'><strong>sumerent</strong></span> <span class='ocrx_word' id='word_1_312' title='bbox 550 3637 618 3689; x_wconf 86' lang='lat' dir='ltr'><strong>ques</strong></span> <span class='ocrx_word' id='word_1_313' title='bbox 636 3620 764 3689; x_wconf 84' lang='lat' dir='ltr'><strong>possideri</strong></span> <span class='ocrx_word' id='word_1_314' title='bbox 782 3621 816 3674; x_wconf 89' lang='lat' dir='ltr'><strong>ab</strong></span> <span class='ocrx_word' id='word_1_315' title='bbox 835 3621 873 3673; x_wconf 88' lang='lat' dir='ltr'><strong>eis</strong></span> <span class='ocrx_word' id='word_1_316' title='bbox 892 3633 970 3688; x_wconf 86' lang='lat' dir='ltr'><strong>posse</strong></span> <span class='ocrx_word' id='word_1_317' title='bbox 980 3633 1082 3686; x_wconf 88' lang='lat' dir='ltr'><strong>quoquo</strong></span> <span class='ocrx_word' id='word_1_318' title='bbox 1094 3617 1169 3669; x_wconf 86' lang='lat' dir='ltr'><strong>modo</strong></span> <span class='ocrx_word' id='word_1_319' title='bbox 1181 3615 1338 3669; x_wconf 86' lang='lat' dir='ltr'><strong>viderentur.</strong></span> 
     </span>
     <span class='ocr_line' id='line_1_35' title="bbox 232 3684 1339 3760; baseline -0.007 -16"><span class='ocrx_word' id='word_1_320' title='bbox 232 3690 309 3744; x_wconf 83' lang='lat' dir='ltr'><strong>uxori</strong></span> <span class='ocrx_word' id='word_1_321' title='bbox 320 3707 383 3743; x_wconf 85' lang='lat' dir='ltr'><strong>vero</strong></span> <span class='ocrx_word' id='word_1_322' title='bbox 394 3690 515 3760; x_wconf 72' lang='lat' dir='ltr'><strong>filiusque</strong></span> <span class='ocrx_word' id='word_1_323' title='bbox 526 3690 625 3756; x_wconf 84' lang='lat' dir='ltr'><strong>Rufini,</strong></span> <span class='ocrx_word' id='word_1_324' title='bbox 639 3690 670 3744; x_wconf 82' lang='lat' dir='ltr'><strong>ad</strong></span> <span class='ocrx_word' id='word_1_325' title='bbox 683 3689 818 3743; x_wconf 80' lang='lat' dir='ltr'><strong>eeclesiam</strong></span> <span class='ocrx_word' id='word_1_326' title='bbox 830 3687 1033 3742; x_wconf 76' lang='lat' dir='ltr'><strong>Christianorum</strong></span> <span class='ocrx_word' id='word_1_327' title='bbox 1044 3693 1111 3740; x_wconf 87' lang='lat' dir='ltr'><strong>metu</strong></span> <span class='ocrx_word' id='word_1_328' title='bbox 1123 3684 1339 3752; x_wconf 78' lang='lat' dir='ltr'><strong>confugientibus,</strong></span> 
     </span>
     <span class='ocr_line' id='line_1_36' title="bbox 231 3753 1340 3830; baseline -0.008 -17"><span class='ocrx_word' id='word_1_329' title='bbox 231 3777 264 3814; x_wconf 88' lang='lat' dir='ltr'><strong>ue</strong></span> <span class='ocrx_word' id='word_1_330' title='bbox 275 3776 331 3812; x_wconf 81' lang='lat' dir='ltr'><strong>euru</strong></span> <span class='ocrx_word' id='word_1_331' title='bbox 341 3758 386 3811; x_wconf 90' lang='lat' dir='ltr'><strong>illo</strong></span> <span class='ocrx_word' id='word_1_332' title='bbox 396 3760 525 3830; x_wconf 77' lang='lat' dir='ltr'><strong>perirent,</strong></span> <span class='ocrx_word' id='word_1_333' title='bbox 542 3759 685 3830; x_wconf 74' lang='lat' dir='ltr'><strong>Eutropius</strong></span> <span class='ocrx_word' id='word_1_334' title='bbox 698 3759 751 3812; x_wconf 83' lang='lat' dir='ltr'><strong>lide</strong></span> <span class='ocrx_word' id='word_1_335' title='bbox 762 3759 824 3810; x_wconf 83' lang='lat' dir='ltr'><strong>deta</strong></span> <span class='ocrx_word' id='word_1_336' title='bbox 835 3757 949 3827; x_wconf 84' lang='lat' dir='ltr'><strong>permisit</strong></span> <span class='ocrx_word' id='word_1_337' title='bbox 960 3762 990 3808; x_wconf 88' lang='lat' dir='ltr'><strong>at</strong></span> <span class='ocrx_word' id='word_1_338' title='bbox 1002 3755 1239 3822; x_wconf 71' lang='lat' dir='ltr'><strong>Hierosolymorum</strong></span> <span class='ocrx_word' id='word_1_339' title='bbox 1250 3753 1281 3804; x_wconf 86' lang='lat' dir='ltr'><strong>ad</strong></span> <span class='ocrx_word' id='word_1_340' title='bbox 1295 3769 1340 3804; x_wconf 87' lang='lat' dir='ltr'><strong>ur·</strong></span> 
     </span>
     <span class='ocr_line' id='line_1_37' title="bbox 230 3822 1340 3898; baseline -0.011 -14"><span class='ocrx_word' id='word_1_341' title='bbox 230 3831 290 3884; x_wconf 88' lang='lat' dir='ltr'><strong>bem</strong></span> <span class='ocrx_word' id='word_1_342' title='bbox 300 3828 471 3897; x_wconf 74' lang='lat' dir='ltr'><strong>navigarent,</strong></span> <span class='ocrx_word' id='word_1_343' title='bbox 488 3845 556 3898; x_wconf 87' lang='lat' dir='ltr'><strong>quae</strong></span> <span class='ocrx_word' id='word_1_344' title='bbox 566 3828 625 3882; x_wconf 88' lang='lat' dir='ltr'><strong>olim</strong></span> <span class='ocrx_word' id='word_1_345' title='bbox 637 3827 791 3882; x_wconf 78' lang='lat' dir='ltr'><strong>ludaeorum</strong></span> <span class='ocrx_word' id='word_1_346' title='bbox 802 3825 953 3879; x_wconf 80' lang='lat' dir='ltr'><strong>domicilium</strong></span> <span class='ocrx_word' id='word_1_347' title='bbox 966 3823 1031 3890; x_wconf 83' lang='lat' dir='ltr'><strong>tute,</strong></span> <span class='ocrx_word' id='word_1_348' title='bbox 1048 3823 1095 3878; x_wconf 78' lang='lat' dir='ltr'><strong>sed</strong></span> <span class='ocrx_word' id='word_1_349' title='bbox 1106 3825 1139 3876; x_wconf 82' lang='lat' dir='ltr'><strong>ub</strong></span> <span class='ocrx_word' id='word_1_350' title='bbox 1150 3823 1255 3892; x_wconf 85' lang='lat' dir='ltr'><strong>imperio</strong></span> <span class='ocrx_word' id='word_1_351' title='bbox 1269 3822 1340 3874; x_wconf 87' lang='lat' dir='ltr'><strong>Con·</strong></span> 
     </span>
     <span class='ocr_line' id='line_1_38' title="bbox 232 3893 1340 3965; baseline -0.008 -14"><span class='ocrx_word' id='word_1_352' title='bbox 232 3898 335 3951; x_wconf 82' lang='lat' dir='ltr'><strong>stantiui</strong></span> <span class='ocrx_word' id='word_1_353' title='bbox 347 3915 363 3951; x_wconf 86' lang='lat' dir='ltr'><strong>e</strong></span> <span class='ocrx_word' id='word_1_354' title='bbox 374 3897 527 3952; x_wconf 78' lang='lat' dir='ltr'><strong>Christianis</strong></span> <span class='ocrx_word' id='word_1_355' title='bbox 538 3899 623 3950; x_wconf 86' lang='lat' dir='ltr'><strong>ornari</strong></span> <span class='ocrx_word' id='word_1_356' title='bbox 632 3896 759 3950; x_wconf 81' lang='lat' dir='ltr'><strong>eedifioiis</strong></span> <span class='ocrx_word' id='word_1_357' title='bbox 771 3895 866 3965; x_wconf 86' lang='lat' dir='ltr'><strong>ooeplt.</strong></span> <span class='ocrx_word' id='word_1_358' title='bbox 901 3894 943 3947; x_wconf 83' lang='lat' dir='ltr'><strong>bio</strong></span> <span class='ocrx_word' id='word_1_359' title='bbox 954 3893 1012 3948; x_wconf 89' lang='lat' dir='ltr'><strong>illae</strong></span> <span class='ocrx_word' id='word_1_360' title='bbox 1020 3893 1147 3963; x_wconf 83' lang='lat' dir='ltr'><strong>reliquum</strong></span> <span class='ocrx_word' id='word_1_361' title='bbox 1158 3893 1229 3944; x_wconf 79' lang='lat' dir='ltr'><strong>ritae</strong></span> <span class='ocrx_word' id='word_1_362' title='bbox 1240 3901 1340 3960; x_wconf 86' lang='lat' dir='ltr'><strong>tempus</strong></span> 
     </span>
     <span class='ocr_line' id='line_1_39' title="bbox 232 3960 1340 4036; baseline -0.01 -14"><span class='ocrx_word' id='word_1_363' title='bbox 232 3980 381 4036; x_wconf 79' lang='lat' dir='ltr'><strong>exegerunt.</strong></span> <span class='ocrx_word' id='word_1_364' title='bbox 417 3974 530 4020; x_wconf 78' lang='lat' dir='ltr'><strong>aeterum</strong></span> <span class='ocrx_word' id='word_1_365' title='bbox 541 3967 685 4036; x_wconf 80' lang='lat' dir='ltr'><strong>Eutropius</strong></span> <span class='ocrx_word' id='word_1_366' title='bbox 698 3981 800 4029; x_wconf 85' lang='lat' dir='ltr'><strong>omnes,</strong></span> <span class='ocrx_word' id='word_1_367' title='bbox 818 3964 862 4036; x_wconf 88' lang='lat' dir='ltr'><strong>qui</strong></span> <span class='ocrx_word' id='word_1_368' title='bbox 872 3971 960 4016; x_wconf 78' lang='lat' dir='ltr'><strong>essem</strong></span> <span class='ocrx_word' id='word_1_369' title='bbox 970 3962 1077 4016; x_wconf 77' lang='lat' dir='ltr'><strong>bliouius</strong></span> <span class='ocrx_word' id='word_1_370' title='bbox 1089 3960 1261 4024; x_wconf 85' lang='lat' dir='ltr'><strong>auctoritatis,</strong></span> <span class='ocrx_word' id='word_1_371' title='bbox 1278 3961 1340 4012; x_wconf 85' lang='lat' dir='ltr'><strong>sub·</strong></span> 
     </span>
     <span class='ocr_line' id='line_1_40' title="bbox 235 4027 1343 4105; baseline -0.008 -16"><span class='ocrx_word' id='word_1_372' title='bbox 235 4053 342 4090; x_wconf 81' lang='lat' dir='ltr'><strong>movere</strong></span> <span class='ocrx_word' id='word_1_373' title='bbox 358 4037 468 4103; x_wconf 75' lang='lat' dir='ltr'><strong>voleus,</strong></span> <span class='ocrx_word' id='word_1_374' title='bbox 483 4055 518 4090; x_wconf 89' lang='lat' dir='ltr'><strong>ue</strong></span> <span class='ocrx_word' id='word_1_375' title='bbox 534 4037 591 4105; x_wconf 87' lang='lat' dir='ltr'><strong>quis</strong></span> <span class='ocrx_word' id='word_1_376' title='bbox 609 4035 674 4089; x_wconf 83' lang='lat' dir='ltr'><strong>elius</strong></span> <span class='ocrx_word' id='word_1_377' title='bbox 712 4042 796 4088; x_wconf 77' lang='lat' dir='ltr'><strong>reetsr</strong></span> <span class='ocrx_word' id='word_1_378' title='bbox 814 4035 897 4104; x_wconf 83' lang='lat' dir='ltr'><strong>ipsam</strong></span> <span class='ocrx_word' id='word_1_379' title='bbox 911 4039 1042 4102; x_wconf 70' lang='lat' dir='ltr'><strong>potestate</strong></span> <span class='ocrx_word' id='word_1_380' title='bbox 1053 4031 1200 4098; x_wconf 78' lang='lat' dir='ltr'><strong>imperatori</strong></span> <span class='ocrx_word' id='word_1_381' title='bbox 1211 4027 1343 4098; x_wconf 81' lang='lat' dir='ltr'><strong>proximus</strong></span> 
     </span>
     <span class='ocr_line' id='line_1_41' title="bbox 236 4098 1341 4173; baseline -0.008 -14"><span class='ocrx_word' id='word_1_382' title='bbox 236 4112 323 4171; x_wconf 78' lang='lat' dir='ltr'><strong>esset,</strong></span> <span class='ocrx_word' id='word_1_383' title='bbox 340 4107 417 4159; x_wconf 90' lang='lat' dir='ltr'><strong>etiem</strong></span> <span class='ocrx_word' id='word_1_384' title='bbox 435 4105 564 4167; x_wconf 81' lang='grc' dir='ltr'><strong><em>Τλοιαεὶο,</em></strong></span> <span class='ocrx_word' id='word_1_385' title='bbox 582 4105 625 4173; x_wconf 91' lang='lat' dir='ltr'><strong>qui</strong></span> <span class='ocrx_word' id='word_1_386' title='bbox 642 4121 659 4157; x_wconf 86' lang='lat' dir='ltr'><strong>e</strong></span> <span class='ocrx_word' id='word_1_387' title='bbox 702 4103 792 4156; x_wconf 88' lang='lat' dir='ltr'><strong>eleutie</strong></span> <span class='ocrx_word' id='word_1_388' title='bbox 807 4119 889 4172; x_wconf 81' lang='lat' dir='ltr'><strong>usque</strong></span> <span class='ocrx_word' id='word_1_389' title='bbox 900 4101 1056 4170; x_wconf 86' lang='lat' dir='ltr'><strong>temporibus</strong></span> <span class='ocrx_word' id='word_1_390' title='bbox 1065 4100 1213 4169; x_wconf 82' lang='lat' dir='ltr'><strong>dignitatem</strong></span> <span class='ocrx_word' id='word_1_391' title='bbox 1225 4098 1341 4166; x_wconf 79' lang='lat' dir='ltr'><strong>magistri</strong></span> 
     </span>
     <span class='ocr_line' id='line_1_42' title="bbox 236 4167 1341 4244; baseline -0.01 -16"><span class='ocrx_word' id='word_1_392' title='bbox 236 4175 342 4229; x_wconf 80' lang='lat' dir='ltr'><strong>militum</strong></span> <span class='ocrx_word' id='word_1_393' title='bbox 359 4177 488 4228; x_wconf 88' lang='lat' dir='ltr'><strong>babuerat</strong></span> <span class='ocrx_word' id='word_1_394' title='bbox 505 4182 533 4228; x_wconf 88' lang='lat' dir='ltr'><strong>et</strong></span> <span class='ocrx_word' id='word_1_395' title='bbox 549 4174 665 4244; x_wconf 86' lang='lat' dir='ltr'><strong>pluribus</strong></span> <span class='ocrx_word' id='word_1_396' title='bbox 675 4173 826 4226; x_wconf 76' lang='lat' dir='ltr'><strong>interfuerat</strong></span> <span class='ocrx_word' id='word_1_397' title='bbox 838 4171 927 4234; x_wconf 82' lang='lat' dir='ltr'><strong>baliis,</strong></span> <span class='ocrx_word' id='word_1_398' title='bbox 944 4171 1013 4222; x_wconf 83' lang='lat' dir='ltr'><strong>nullu</strong></span> <span class='ocrx_word' id='word_1_399' title='bbox 1024 4171 1092 4222; x_wconf 86' lang='lat' dir='ltr'><strong>iusta</strong></span> <span class='ocrx_word' id='word_1_400' title='bbox 1104 4169 1136 4221; x_wconf 89' lang='lat' dir='ltr'><strong>de</strong></span> <span class='ocrx_word' id='word_1_401' title='bbox 1147 4183 1227 4220; x_wconf 84' lang='lat' dir='ltr'><strong>caure</strong></span> <span class='ocrx_word' id='word_1_402' title='bbox 1236 4167 1341 4219; x_wconf 78' lang='lat' dir='ltr'><strong>insidias</strong></span> 
     </span>
     <span class='ocr_line' id='line_1_43' title="bbox 236 4235 1341 4311; baseline -0.012 -12"><span class='ocrx_word' id='word_1_403' title='bbox 236 4243 322 4298; x_wconf 73' lang='lat' dir='ltr'><strong>enuit</strong></span> <span class='ocrx_word' id='word_1_404' title='bbox 357 4251 417 4297; x_wconf 87' lang='lat' dir='ltr'><strong>erat</strong></span> <span class='ocrx_word' id='word_1_405' title='bbox 433 4253 520 4297; x_wconf 83' lang='lat' dir='ltr'><strong>eutem</strong></span> <span class='ocrx_word' id='word_1_406' title='bbox 539 4244 681 4296; x_wconf 82' lang='lat' dir='ltr'><strong>huiusmodi</strong></span> <span class='ocrx_word' id='word_1_407' title='bbox 701 4243 833 4298; x_wconf 68' lang='lat' dir='ltr'><strong>alumnia.</strong></span> <span class='ocrx_word' id='word_1_408' title='bbox 870 4242 928 4311; x_wconf 84' lang='lat'><strong>(9)</strong></span> <span class='ocrx_word' id='word_1_409' title='bbox 948 4241 1048 4307; x_wconf 84' lang='lat' dir='ltr'><strong>Bargus</strong></span> <span class='ocrx_word' id='word_1_410' title='bbox 1065 4237 1186 4291; x_wconf 85' lang='lat' dir='ltr'><strong>oriundus</strong></span> <span class='ocrx_word' id='word_1_411' title='bbox 1202 4235 1341 4300; x_wconf 76' lang='lat' dir='ltr'><strong>Laodices,</strong></span> 
     </span>
     <span class='ocr_line' id='line_1_44' title="bbox 235 4304 1341 4385; baseline -0.008 -19"><span class='ocrx_word' id='word_1_412' title='bbox 235 4312 307 4382; x_wconf 81' lang='lat' dir='ltr'><strong>quod</strong></span> <span class='ocrx_word' id='word_1_413' title='bbox 321 4313 443 4385; x_wconf 79' lang='lat' dir='ltr'><strong>oppidum</strong></span> <span class='ocrx_word' id='word_1_414' title='bbox 458 4320 500 4366; x_wconf 87' lang='lat' dir='ltr'><strong>est</strong></span> <span class='ocrx_word' id='word_1_415' title='bbox 515 4312 627 4384; x_wconf 68' lang='lat' dir='ltr'><strong>Syriae,</strong></span> <span class='ocrx_word' id='word_1_416' title='bbox 640 4311 814 4366; x_wconf 75' lang='lat' dir='ltr'><strong>lucanicarum</strong></span> <span class='ocrx_word' id='word_1_417' title='bbox 831 4309 858 4364; x_wconf 83' lang='lat' dir='ltr'><strong>&#39;m</strong></span> <span class='ocrx_word' id='word_1_418' title='bbox 876 4311 934 4365; x_wconf 78' lang='lat' dir='ltr'><strong>t&#39;oro</strong></span> <span class='ocrx_word' id='word_1_419' title='bbox 945 4308 1065 4375; x_wconf 83' lang='lat' dir='ltr'><strong>institor,</strong></span> <span class='ocrx_word' id='word_1_420' title='bbox 1082 4306 1109 4362; x_wconf 84' lang='lat' dir='ltr'><strong>iu</strong></span> <span class='ocrx_word' id='word_1_421' title='bbox 1119 4306 1224 4374; x_wconf 74' lang='lat' dir='ltr'><strong>flagitiis</strong></span> <span class='ocrx_word' id='word_1_422' title='bbox 1234 4304 1341 4376; x_wconf 83' lang='lat' dir='ltr'><strong>quibus-</strong></span> 
     </span>
    </p>
   </div>
   <div class='ocr_carea' id='block_1_5' title="bbox 0 0 1526 4892">
    <p class='ocr_par' dir='ltr' id='par_1_9' title="bbox 0 0 1526 4892">
     <span class='ocr_line' id='line_1_45' title="bbox 0 0 1526 4892; baseline 0 0"><span class='ocrx_word' id='word_1_423' title='bbox 0 0 1526 4892; x_wconf 95' lang='lat' dir='ltr'><strong> </strong></span> 
     </span>
    </p>
   </div>
  </div>
 </body>
</html>
