<?xml version="1.0" encoding="UTF-8"?>
<!DOCTYPE html PUBLIC "-//W3C//DTD XHTML 1.0 Transitional//EN"
    "http://www.w3.org/TR/xhtml1/DTD/xhtml1-transitional.dtd">
<html xmlns="http://www.w3.org/1999/xhtml" xml:lang="en" lang="en">
 <head>
  <title>
</title>
<meta http-equiv="Content-Type" content="text/html;charset=utf-8" />
  <meta name='ocr-system' content='tesseract 3.04.00' />
  <meta name='ocr-capabilities' content='ocr_page ocr_carea ocr_par ocr_line ocrx_word'/>
</head>
<body>
  <div class='ocr_page' id='page_1' title='image "./corpusscriptoru21theogoog_0197.png"; bbox 0 0 3025 4892; ppageno 0'>
   <div class='ocr_carea' id='block_1_1' title="bbox 483 305 1264 396">
    <p class='ocr_par' dir='ltr' id='par_1_1' title="bbox 483 305 1264 396">
     <span class='ocr_line' id='line_1_1' title="bbox 483 305 1264 396; baseline 0.005 -22"><span class='ocrx_word' id='word_1_1' title='bbox 483 305 563 374; x_wconf 80' lang='grc' dir='ltr'><strong><em>ιω.</em></strong></span> <span class='ocrx_word' id='word_1_2' title='bbox 588 311 609 372; x_wconf 80' lang='lat' dir='ltr'>s</span> <span class='ocrx_word' id='word_1_3' title='bbox 635 307 720 374; x_wconf 80' lang='lat' dir='ltr'>clu.</span> <span class='ocrx_word' id='word_1_4' title='bbox 740 307 795 396; x_wconf 77' lang='grc' dir='ltr'><strong><em>ιο.Ι</em></strong></span> <span class='ocrx_word' id='word_1_5' title='bbox 817 311 868 374; x_wconf 81' lang='grc' dir='ltr'><strong><em>νο.</em></strong></span> <span class='ocrx_word' id='word_1_6' title='bbox 894 311 943 374; x_wconf 83' lang='grc' dir='ltr'><strong><em>ιν.</em></strong></span> <span class='ocrx_word' id='word_1_7' title='bbox 1192 307 1264 382; x_wconf 81' lang='lat'><strong><em>147</em></strong></span> 
     </span>
    </p>
   </div>
   <div class='ocr_carea' id='block_1_2' title="bbox 127 473 1312 2528">
    <p class='ocr_par' dir='ltr' id='par_1_2' title="bbox 127 473 1312 2528">
     <span class='ocr_line' id='line_1_2' title="bbox 164 473 1264 566; baseline 0 -20"><span class='ocrx_word' id='word_1_8' title='bbox 164 483 215 546; x_wconf 79' lang='lat' dir='ltr'><strong><em>ani</em></strong></span> <span class='ocrx_word' id='word_1_9' title='bbox 236 478 308 544; x_wconf 76' lang='grc' dir='ltr'><strong><em>ούδέ</em></strong></span> <span class='ocrx_word' id='word_1_10' title='bbox 323 478 380 544; x_wconf 81' lang='grc' dir='ltr'><strong><em>σδν</em></strong></span> <span class='ocrx_word' id='word_1_11' title='bbox 391 487 456 556; x_wconf 75' lang='grc' dir='ltr'><strong><em>τοῖς</em></strong></span> <span class='ocrx_word' id='word_1_12' title='bbox 471 477 576 555; x_wconf 79' lang='grc' dir='ltr'><strong><em>ὅπλοις</em></strong></span> <span class='ocrx_word' id='word_1_13' title='bbox 594 473 657 542; x_wconf 77' lang='grc' dir='ltr'><strong><em>οἷοί</em></strong></span> <span class='ocrx_word' id='word_1_14' title='bbox 671 503 703 543; x_wconf 90' lang='grc' dir='ltr'><strong><em>τε</em></strong></span> <span class='ocrx_word' id='word_1_15' title='bbox 719 475 804 554; x_wconf 79' lang='grc' dir='ltr'><strong><em>ὄντες</em></strong></span> <span class='ocrx_word' id='word_1_16' title='bbox 821 474 1025 562; x_wconf 68' lang='grc' dir='ltr'><strong><em>διανήξασθαι</em></strong></span> <span class='ocrx_word' id='word_1_17' title='bbox 1043 478 1099 562; x_wconf 83' lang='grc' dir='ltr'><strong><em>τήν</em></strong></span> <span class='ocrx_word' id='word_1_18' title='bbox 1116 475 1264 566; x_wconf 87' lang='grc' dir='ltr'><strong><em>διώρυχα,</em></strong></span> 
     </span>
     <span class='ocr_line' id='line_1_3' title="bbox 164 579 1264 670; baseline -0.002 -20"><span class='ocrx_word' id='word_1_19' title='bbox 164 591 220 650; x_wconf 82' lang='grc' dir='ltr'><strong><em>τοῦ</em></strong></span> <span class='ocrx_word' id='word_1_20' title='bbox 236 608 268 648; x_wconf 88' lang='grc' dir='ltr'><strong><em>τε</em></strong></span> <span class='ocrx_word' id='word_1_21' title='bbox 281 580 404 665; x_wconf 76' lang='grc' dir='ltr'><strong><em>βάθους</em></strong></span> <span class='ocrx_word' id='word_1_22' title='bbox 419 581 474 647; x_wconf 72' lang='lat' dir='ltr'><strong><em>odo</em></strong></span> <span class='ocrx_word' id='word_1_23' title='bbox 489 579 659 659; x_wconf 76' lang='grc' dir='ltr'><strong><em>ε’νδιδάντος</em></strong></span> <span class='ocrx_word' id='word_1_24' title='bbox 674 583 793 646; x_wconf 79' lang='grc' dir='ltr'><strong><em>καὶτοῦ</em></strong></span> <span class='ocrx_word' id='word_1_25' title='bbox 806 588 904 665; x_wconf 81' lang='grc' dir='ltr'><strong><em>πηλοῦ</em></strong></span> <span class='ocrx_word' id='word_1_26' title='bbox 920 581 971 646; x_wconf 85' lang='grc' dir='ltr'><strong><em>διδ</em></strong></span> <span class='ocrx_word' id='word_1_27' title='bbox 985 580 1019 646; x_wconf 82' lang='grc' dir='ltr'><strong><em>τὸ</em></strong></span> <span class='ocrx_word' id='word_1_28' title='bbox 1037 583 1159 670; x_wconf 85' lang='grc' dir='ltr'><strong><em>δίνγρον</em></strong></span> <span class='ocrx_word' id='word_1_29' title='bbox 1169 581 1264 670; x_wconf 76' lang='grc' dir='ltr'><strong><em>ὓπερ-</em></strong></span> 
     </span>
     <span class='ocr_line' id='line_1_4' title="bbox 166 681 1265 772; baseline 0.003 -22"><span class='ocrx_word' id='word_1_30' title='bbox 166 694 260 772; x_wconf 77' lang='grc' dir='ltr'><strong><em>βήναι</em></strong></span> <span class='ocrx_word' id='word_1_31' title='bbox 278 687 323 769; x_wconf 84' lang='grc' dir='ltr'><strong><em>μή</em></strong></span> <span class='ocrx_word' id='word_1_32' title='bbox 343 691 590 772; x_wconf 77' lang='grc' dir='ltr'><strong><em>συγχωρούντος,</em></strong></span> <span class='ocrx_word' id='word_1_33' title='bbox 620 685 653 750; x_wconf 77' lang='lat' dir='ltr'><strong><em>dv</em></strong></span> <span class='ocrx_word' id='word_1_34' title='bbox 676 681 790 772; x_wconf 74' lang='grc' dir='ltr'><strong><em>ίσχάτη</em></strong></span> <span class='ocrx_word' id='word_1_35' title='bbox 818 691 875 750; x_wconf 81' lang='grc' dir='ltr'><strong><em>τοῦ</em></strong></span> <span class='ocrx_word' id='word_1_36' title='bbox 894 685 1051 770; x_wconf 78' lang='grc' dir='ltr'><strong><em>’πρακτίου</em></strong></span> <span class='ocrx_word' id='word_1_37' title='bbox 1078 685 1265 772; x_wconf 74' lang='grc' dir='ltr'><strong><em>κατάστησον</em></strong></span> 
     </span>
     <span class='ocr_line' id='line_1_5' title="bbox 169 787 1266 879; baseline 0.001 -23"><span class='ocrx_word' id='word_1_38' title='bbox 169 790 292 879; x_wconf 79' lang='grc' dir='ltr'><strong><em>ἀπορίη.</em></strong></span> <span class='ocrx_word' id='word_1_39' title='bbox 342 791 475 874; x_wconf 72' lang='grc' dir='ltr'><strong><em>καθίστη</em></strong></span> <span class='ocrx_word' id='word_1_40' title='bbox 495 789 529 854; x_wconf 75' lang='lat' dir='ltr'><strong><em>dd</em></strong></span> <span class='ocrx_word' id='word_1_41' title='bbox 548 789 653 866; x_wconf 84' lang='grc' dir='ltr'><strong><em>αύτοῒς</em></strong></span> <span class='ocrx_word' id='word_1_42' title='bbox 674 788 728 854; x_wconf 87' lang='grc' dir='ltr'><strong><em>τδν</em></strong></span> <span class='ocrx_word' id='word_1_43' title='bbox 744 789 883 854; x_wconf 87' lang='grc' dir='ltr'><strong><em>κίνδυνον</em></strong></span> <span class='ocrx_word' id='word_1_44' title='bbox 901 791 1023 872; x_wconf 83' lang='grc' dir='ltr'><strong><em>μείζονα</em></strong></span> <span class='ocrx_word' id='word_1_45' title='bbox 1040 787 1075 854; x_wconf 86' lang='grc' dir='ltr'><strong><em>τδ</em></strong></span> <span class='ocrx_word' id='word_1_46' title='bbox 1088 789 1160 866; x_wconf 82' lang='grc' dir='ltr'><strong><em>τούς</em></strong></span> <span class='ocrx_word' id='word_1_47' title='bbox 1174 797 1266 857; x_wconf 87' lang='grc' dir='ltr'><strong><em>πολε-</em></strong></span> 
     </span>
     <span class='ocr_line' id='line_1_6' title="bbox 142 887 1266 986; baseline 0.001 -26"><span class='ocrx_word' id='word_1_48' title='bbox 142 896 258 977; x_wconf 67' lang='grc' dir='ltr'><strong><em>ύμίους</em></strong></span> <span class='ocrx_word' id='word_1_49' title='bbox 278 893 326 958; x_wconf 73' lang='lat' dir='ltr'>tul</span> <span class='ocrx_word' id='word_1_50' title='bbox 346 899 402 976; x_wconf 84' lang='grc' dir='ltr'><strong><em>τῆς</em></strong></span> <span class='ocrx_word' id='word_1_51' title='bbox 420 891 582 980; x_wconf 70' lang='grc' dir='ltr'><strong><em>ἀντιπέραν</em></strong></span> <span class='ocrx_word' id='word_1_52' title='bbox 607 891 707 976; x_wconf 75' lang='grc' dir='ltr'><strong><em>ὄχθης</em></strong></span> <span class='ocrx_word' id='word_1_53' title='bbox 728 887 865 978; x_wconf 77' lang='grc' dir='ltr'><strong><em>δρᾶσθαι</em></strong></span> <span class='ocrx_word' id='word_1_54' title='bbox 880 893 984 974; x_wconf 79' lang='grc' dir='ltr'><strong><em>βέλεσί</em></strong></span> <span class='ocrx_word' id='word_1_55' title='bbox 999 917 1031 957; x_wconf 91' lang='grc' dir='ltr'><strong><em>τε</em></strong></span> <span class='ocrx_word' id='word_1_56' title='bbox 1047 894 1099 956; x_wconf 84' lang='grc' dir='ltr'><strong><em>καλ</em></strong></span> <span class='ocrx_word' id='word_1_57' title='bbox 1121 895 1220 986; x_wconf 70' lang='grc' dir='ltr'><strong><em>λίθων</em></strong></span> <span class='ocrx_word' id='word_1_58' title='bbox 1233 897 1266 961; x_wconf 71' lang='grc' dir='ltr'><strong><em>ἔκ</em></strong></span> 
     </span>
     <span class='ocr_line' id='line_1_7' title="bbox 166 993 1274 1084; baseline -0.002 -18"><span class='ocrx_word' id='word_1_59' title='bbox 166 999 341 1084; x_wconf 72' lang='grc' dir='ltr'><em>σφενδονῶν</em></span> <span class='ocrx_word' id='word_1_60' title='bbox 367 996 474 1082; x_wconf 72' lang='grc' dir='ltr'><strong><em>ἀφίσει</em></strong></span> <span class='ocrx_word' id='word_1_61' title='bbox 494 995 551 1080; x_wconf 84' lang='grc' dir='ltr'><strong><em>τήν</em></strong></span> <span class='ocrx_word' id='word_1_62' title='bbox 581 993 727 1078; x_wconf 74' lang='grc' dir='ltr'><strong><em>διάβασιν</em></strong></span> <span class='ocrx_word' id='word_1_63' title='bbox 753 995 918 1082; x_wconf 72' lang='grc' dir='ltr'><strong><em>εἴργοντας.</em></strong></span> <span class='ocrx_word' id='word_1_64' title='bbox 980 995 1103 1072; x_wconf 85' lang='grc' dir='ltr'><strong><em>ούδενδς</em></strong></span> <span class='ocrx_word' id='word_1_65' title='bbox 1123 997 1157 1060; x_wconf 78' lang='grc' dir='ltr'><strong><em>δὲ</em></strong></span> <span class='ocrx_word' id='word_1_66' title='bbox 1181 994 1274 1064; x_wconf 82' lang='grc' dir='ltr'><strong><em>λύσιν</em></strong></span> 
     </span>
     <span class='ocr_line' id='line_1_8' title="bbox 167 1096 1312 1190; baseline -0.001 -25"><span class='ocrx_word' id='word_1_67' title='bbox 167 1098 320 1186; x_wconf 68' lang='grc' dir='ltr'><strong><em>εὕρασθαι</em></strong></span> <span class='ocrx_word' id='word_1_68' title='bbox 354 1100 523 1181; x_wconf 73' lang='grc' dir='ltr'><strong><em>δυναμένου</em></strong></span> <span class='ocrx_word' id='word_1_69' title='bbox 552 1105 614 1164; x_wconf 85' lang='grc' dir='ltr'><strong><em>τών</em></strong></span> <span class='ocrx_word' id='word_1_70' title='bbox 639 1097 847 1187; x_wconf 75' lang='grc' dir='ltr'><strong><em>περιεστώτων</em></strong></span> <span class='ocrx_word' id='word_1_71' title='bbox 875 1096 1039 1176; x_wconf 87' lang='grc' dir='ltr'><strong><em>κινδύνων,</em></strong></span> <span class='ocrx_word' id='word_1_72' title='bbox 1071 1099 1208 1190; x_wconf 70' lang='grc' dir='ltr'><strong><em>ἀγχινοίᾳ</em></strong></span> <span class='ocrx_word' id='word_1_73' title='bbox 1230 1107 1271 1188; x_wconf 82' lang='grc' dir='ltr'><strong><em>τῇ</em></strong></span> <span class='ocrx_word' id='word_1_74' title='bbox 1309 1137 1312 1150; x_wconf 66' lang='grc'><strong>»</strong></span> 
     </span>
     <span class='ocr_line' id='line_1_9' title="bbox 167 1199 1271 1290; baseline 0.002 -24"><span class='ocrx_word' id='word_1_75' title='bbox 167 1205 236 1290; x_wconf 81' lang='grc' dir='ltr'><strong><em>περὶ</em></strong></span> <span class='ocrx_word' id='word_1_76' title='bbox 256 1199 357 1268; x_wconf 88' lang='grc' dir='ltr'><strong><em>πάντα</em></strong></span> <span class='ocrx_word' id='word_1_77' title='bbox 377 1205 429 1267; x_wconf 80' lang='grc' dir='ltr'><strong><em>καὶ</em></strong></span> <span class='ocrx_word' id='word_1_78' title='bbox 450 1204 590 1290; x_wconf 73' lang='grc' dir='ltr'><strong><em>ἐμπειρίᾳ</em></strong></span> <span class='ocrx_word' id='word_1_79' title='bbox 610 1208 759 1288; x_wconf 76' lang='grc' dir='ltr'><strong><em>πολεμικῇ</em></strong></span> <span class='ocrx_word' id='word_1_80' title='bbox 775 1201 913 1288; x_wconf 82' lang='grc' dir='ltr'><strong><em>προίχων</em></strong></span> <span class='ocrx_word' id='word_1_81' title='bbox 926 1199 942 1266; x_wconf 82' lang='grc' dir='ltr'><em>ὃ</em></span> <span class='ocrx_word' id='word_1_82' title='bbox 953 1201 1099 1284; x_wconf 76' lang='grc' dir='ltr'><strong><em>βασιλεύς</em></strong></span> <span class='ocrx_word' id='word_1_83' title='bbox 1113 1203 1188 1288; x_wconf 75' lang='grc' dir='ltr'><strong><em>ίγνω</em></strong></span> <span class='ocrx_word' id='word_1_84' title='bbox 1207 1215 1271 1281; x_wconf 79' lang='grc' dir='ltr'><strong><em>τοῖς</em></strong></span> 
     </span>
     <span class='ocr_line' id='line_1_10' title="bbox 168 1305 1271 1401; baseline 0 -31"><span class='ocrx_word' id='word_1_85' title='bbox 168 1307 400 1401; x_wconf 63' lang='grc' dir='ltr'><strong><em>ἀπολειφθεᾷτιν</em></strong></span> <span class='ocrx_word' id='word_1_86' title='bbox 418 1306 466 1370; x_wconf 71' lang='grc' dir='ltr'><strong><em>ἐπὶ</em></strong></span> <span class='ocrx_word' id='word_1_87' title='bbox 482 1307 677 1389; x_wconf 85' lang='grc' dir='ltr'><strong><em>κατασκοπήν</em></strong></span> <span class='ocrx_word' id='word_1_88' title='bbox 691 1309 803 1388; x_wconf 77' lang='grc' dir='ltr'><strong><em>χιλίοις</em></strong></span> <span class='ocrx_word' id='word_1_89' title='bbox 820 1309 870 1370; x_wconf 80' lang='grc' dir='ltr'><strong><em>καὶ</em></strong></span> <span class='ocrx_word' id='word_1_90' title='bbox 890 1307 1097 1382; x_wconf 74' lang='grc' dir='ltr'><strong><em>πεντακοσίοις</em></strong></span> <span class='ocrx_word' id='word_1_91' title='bbox 1113 1305 1271 1392; x_wconf 72' lang='grc' dir='ltr'><strong><em>ἀνδράσιν,</em></strong></span> 
     </span>
     <span class='ocr_line' id='line_1_11' title="bbox 127 1407 1272 1496; baseline -0.003 -18"><span class='ocrx_word' id='word_1_92' title='bbox 127 1407 227 1480; x_wconf 82' lang='grc' dir='ltr'><strong><em>ίούπδ</em></strong></span> <span class='ocrx_word' id='word_1_93' title='bbox 240 1412 460 1495; x_wconf 80' lang='grc' dir='ltr'><strong><em>Λουκιλλισνῷ</em></strong></span> <span class='ocrx_word' id='word_1_94' title='bbox 472 1410 679 1493; x_wconf 70' lang='grc' dir='ltr'><strong><em>τεταγμένοις,</em></strong></span> <span class='ocrx_word' id='word_1_95' title='bbox 701 1416 835 1492; x_wconf 80' lang='grc' dir='ltr'><strong><em>σημῆναι</em></strong></span> <span class='ocrx_word' id='word_1_96' title='bbox 850 1409 928 1474; x_wconf 84' lang='grc' dir='ltr'><strong><em>κατὰ</em></strong></span> <span class='ocrx_word' id='word_1_97' title='bbox 943 1407 1040 1474; x_wconf 80' lang='grc' dir='ltr'><strong><em>νώτου</em></strong></span> <span class='ocrx_word' id='word_1_98' title='bbox 1051 1415 1193 1496; x_wconf 78' lang='grc' dir='ltr'><strong><em>χωρῆσαι</em></strong></span> <span class='ocrx_word' id='word_1_99' title='bbox 1210 1416 1272 1476; x_wconf 83' lang='grc' dir='ltr'><strong><em>τών</em></strong></span> 
     </span>
     <span class='ocr_line' id='line_1_12' title="bbox 166 1508 1272 1602; baseline 0.002 -26"><span class='ocrx_word' id='word_1_100' title='bbox 166 1515 330 1595; x_wconf 88' lang='grc' dir='ltr'><strong><em>πολεμίων,</em></strong></span> <span class='ocrx_word' id='word_1_101' title='bbox 349 1509 587 1576; x_wconf 69' lang='grc' dir='ltr'><strong><em>ἓπισπάσιισθαί</em></strong></span> <span class='ocrx_word' id='word_1_102' title='bbox 597 1537 630 1578; x_wconf 87' lang='grc' dir='ltr'><strong><em>τε</em></strong></span> <span class='ocrx_word' id='word_1_103' title='bbox 645 1511 702 1596; x_wconf 86' lang='grc' dir='ltr'><strong><em>τήν</em></strong></span> <span class='ocrx_word' id='word_1_104' title='bbox 714 1510 831 1578; x_wconf 88' lang='grc' dir='ltr'><strong><em>τούτων</em></strong></span> <span class='ocrx_word' id='word_1_105' title='bbox 845 1509 953 1598; x_wconf 83' lang='grc' dir='ltr'><strong><em>ὁρμήν,</em></strong></span> <span class='ocrx_word' id='word_1_106' title='bbox 977 1508 1076 1599; x_wconf 79' lang='grc' dir='ltr'><strong><em>τούτῳ</em></strong></span> <span class='ocrx_word' id='word_1_107' title='bbox 1092 1539 1124 1578; x_wconf 89' lang='grc' dir='ltr'><strong><em>τε</em></strong></span> <span class='ocrx_word' id='word_1_108' title='bbox 1141 1519 1186 1600; x_wconf 77' lang='grc' dir='ltr'><strong><em>τῷ</em></strong></span> <span class='ocrx_word' id='word_1_109' title='bbox 1198 1511 1272 1602; x_wconf 90' lang='grc' dir='ltr'><strong><em>τρύ-</em></strong></span> 
     </span>
     <span class='ocr_line' id='line_1_13' title="bbox 167 1611 1272 1704; baseline 0 -24"><span class='ocrx_word' id='word_1_110' title='bbox 167 1641 217 1704; x_wconf 81' lang='grc' dir='ltr'><strong><em>πρι</em></strong></span> <span class='ocrx_word' id='word_1_111' title='bbox 235 1618 342 1680; x_wconf 82' lang='grc' dir='ltr'><strong><em>δοῦναι</em></strong></span> <span class='ocrx_word' id='word_1_112' title='bbox 359 1616 464 1701; x_wconf 69' lang='grc' dir='ltr'><strong><em>σφίσιν</em></strong></span> <span class='ocrx_word' id='word_1_113' title='bbox 477 1613 635 1680; x_wconf 79' lang='grc' dir='ltr'><strong><em>ἀκώλυτον</em></strong></span> <span class='ocrx_word' id='word_1_114' title='bbox 651 1615 704 1680; x_wconf 82' lang='grc' dir='ltr'><strong><em>τὸν</em></strong></span> <span class='ocrx_word' id='word_1_115' title='bbox 716 1620 772 1698; x_wconf 85' lang='grc' dir='ltr'><strong><em>τῆς</em></strong></span> <span class='ocrx_word' id='word_1_116' title='bbox 787 1611 937 1700; x_wconf 75' lang='grc' dir='ltr'><strong><em>διώρυχος</em></strong></span> <span class='ocrx_word' id='word_1_117' title='bbox 949 1613 1087 1678; x_wconf 70' lang='grc' dir='ltr'><strong><em>λ’κπλουν.</em></strong></span> <span class='ocrx_word' id='word_1_118' title='bbox 1130 1615 1272 1698; x_wconf 71' lang='grc' dir='ltr'><strong><em>ἶκπίμπει</em></strong></span> 
     </span>
     <span class='ocr_line' id='line_1_14' title="bbox 168 1714 1273 1805; baseline -0.002 -21"><span class='ocrx_word' id='word_1_119' title='bbox 168 1744 201 1784; x_wconf 84' lang='grc' dir='ltr'><strong><em>τε</em></strong></span> <span class='ocrx_word' id='word_1_120' title='bbox 219 1718 297 1805; x_wconf 82' lang='grc' dir='ltr'><strong><em>πρὸς</em></strong></span> <span class='ocrx_word' id='word_1_121' title='bbox 311 1723 401 1782; x_wconf 78' lang='grc' dir='ltr'><strong><em>τοῦτο</em></strong></span> <span class='ocrx_word' id='word_1_122' title='bbox 419 1719 566 1803; x_wconf 83' lang='grc' dir='ltr'><strong><em>Βίκτωρα</em></strong></span> <span class='ocrx_word' id='word_1_123' title='bbox 586 1716 681 1801; x_wconf 80' lang='grc' dir='ltr'><strong><em>(τὸν)</em></strong></span> <span class='ocrx_word' id='word_1_124' title='bbox 704 1717 876 1803; x_wconf 82' lang='grc' dir='ltr'><strong><em>στρατηγὸν</em></strong></span> <span class='ocrx_word' id='word_1_125' title='bbox 891 1716 968 1800; x_wconf 80' lang='grc' dir='ltr'><strong><em>μετὰ</em></strong></span> <span class='ocrx_word' id='word_1_126' title='bbox 984 1714 1141 1798; x_wconf 88' lang='grc' dir='ltr'><strong><em>δυνάμεως</em></strong></span> <span class='ocrx_word' id='word_1_127' title='bbox 1158 1717 1273 1805; x_wconf 87' lang='grc' dir='ltr'><strong><em>ἀρκού-</em></strong></span> 
     </span>
     <span class='ocr_line' id='line_1_15' title="bbox 170 1817 1273 1908; baseline 0 -22"><span class='ocrx_word' id='word_1_128' title='bbox 170 1847 237 1905; x_wconf 88' lang='grc' dir='ltr'><strong><em>σης.</em></strong></span> <span class='ocrx_word' id='word_1_129' title='bbox 289 1817 307 1886; x_wconf 80' lang='grc' dir='ltr'>ὁ</span> <span class='ocrx_word' id='word_1_130' title='bbox 326 1822 360 1885; x_wconf 74' lang='grc' dir='ltr'><strong><em>δὲ</em></strong></span> <span class='ocrx_word' id='word_1_131' title='bbox 379 1818 475 1886; x_wconf 85' lang='grc' dir='ltr'><strong><em>νύκτα</em></strong></span> <span class='ocrx_word' id='word_1_132' title='bbox 495 1817 690 1906; x_wconf 71' lang='grc' dir='ltr'><strong><em>ἐπιτηρήσας,</em></strong></span> <span class='ocrx_word' id='word_1_133' title='bbox 717 1817 759 1898; x_wconf 75' lang='grc' dir='ltr'><strong><em>ὥς</em></strong></span> <span class='ocrx_word' id='word_1_134' title='bbox 773 1819 811 1886; x_wconf 88' lang='grc' dir='ltr'><strong><em>ἀν</em></strong></span> <span class='ocrx_word' id='word_1_135' title='bbox 824 1820 868 1904; x_wconf 85' lang='grc' dir='ltr'><strong><em>μὴ</em></strong></span> <span class='ocrx_word' id='word_1_136' title='bbox 884 1821 996 1907; x_wconf 69' lang='grc' dir='ltr'><strong><em>ὀφθείη</em></strong></span> <span class='ocrx_word' id='word_1_137' title='bbox 1012 1818 1096 1906; x_wconf 77' lang='grc' dir='ltr'><strong><em>παρὰ</em></strong></span> <span class='ocrx_word' id='word_1_138' title='bbox 1108 1826 1170 1885; x_wconf 83' lang='grc' dir='ltr'><strong><em>τῶν</em></strong></span> <span class='ocrx_word' id='word_1_139' title='bbox 1185 1825 1273 1908; x_wconf 87' lang='grc' dir='ltr'><strong><em>Περ-</em></strong></span> 
     </span>
     <span class='ocr_line' id='line_1_16' title="bbox 130 1918 1275 2010; baseline -0.003 -17"><span class='ocrx_word' id='word_1_140' title='bbox 130 1937 164 1994; x_wconf 80' lang='grc'><strong><em>15</em></strong></span> <span class='ocrx_word' id='word_1_141' title='bbox 172 1931 235 1990; x_wconf 81' lang='grc' dir='ltr'><strong><em>σῶν</em></strong></span> <span class='ocrx_word' id='word_1_142' title='bbox 260 1918 430 2010; x_wconf 73' lang='grc' dir='ltr'><strong><em>ἀποχωρῶν</em></strong></span> <span class='ocrx_word' id='word_1_143' title='bbox 449 1929 506 1989; x_wconf 82' lang='grc' dir='ltr'><strong><em>τού</em></strong></span> <span class='ocrx_word' id='word_1_144' title='bbox 524 1921 768 2009; x_wconf 80' lang='grc' dir='ltr'><strong><em>στρατεύματος,</em></strong></span> <span class='ocrx_word' id='word_1_145' title='bbox 790 1927 841 1989; x_wconf 78' lang='grc' dir='ltr'><strong><em>καὶ</em></strong></span> <span class='ocrx_word' id='word_1_146' title='bbox 863 1922 943 1988; x_wconf 72' lang='lat' dir='ltr'>odom</span> <span class='ocrx_word' id='word_1_147' title='bbox 968 1924 1001 1987; x_wconf 73' lang='lat' dir='ltr'><strong><em>dd</em></strong></span> <span class='ocrx_word' id='word_1_148' title='bbox 1022 1923 1183 2010; x_wconf 69' lang='grc' dir='ltr'><strong><em>προελθών</em></strong></span> <span class='ocrx_word' id='word_1_149' title='bbox 1202 1921 1275 1990; x_wconf 85' lang='grc' dir='ltr'><strong><em>ὁδὸν</em></strong></span> 
     </span>
     <span class='ocr_line' id='line_1_17' title="bbox 167 2023 1275 2114; baseline 0 -21"><span class='ocrx_word' id='word_1_150' title='bbox 167 2024 321 2111; x_wconf 76' lang='grc' dir='ltr'><strong><em>τοσαύτην</em></strong></span> <span class='ocrx_word' id='word_1_151' title='bbox 344 2025 400 2112; x_wconf 81' lang='grc' dir='ltr'><strong><em>ὅση</em></strong></span> <span class='ocrx_word' id='word_1_152' title='bbox 424 2027 459 2094; x_wconf 84' lang='grc' dir='ltr'><strong><em>τὸ</em></strong></span> <span class='ocrx_word' id='word_1_153' title='bbox 483 2025 658 2112; x_wconf 86' lang='grc' dir='ltr'><strong><em>γιγνόμενον</em></strong></span> <span class='ocrx_word' id='word_1_154' title='bbox 675 2027 746 2092; x_wconf 76' lang='grc' dir='ltr'><strong><em>οὐδὲ</em></strong></span> <span class='ocrx_word' id='word_1_155' title='bbox 764 2024 881 2113; x_wconf 83' lang='grc' dir='ltr'><strong><em>ήμίριις</em></strong></span> <span class='ocrx_word' id='word_1_156' title='bbox 895 2025 989 2110; x_wconf 84' lang='grc' dir='ltr'><strong><em>ούσης</em></strong></span> <span class='ocrx_word' id='word_1_157' title='bbox 1002 2023 1078 2114; x_wconf 83' lang='grc' dir='ltr'><strong><em>ὁρᾶν</em></strong></span> <span class='ocrx_word' id='word_1_158' title='bbox 1094 2028 1195 2092; x_wconf 75' lang='grc' dir='ltr'><strong><em>ἐδίδου</em></strong></span> <span class='ocrx_word' id='word_1_159' title='bbox 1210 2039 1275 2107; x_wconf 75' lang='grc' dir='ltr'><strong><em>τοῖς</em></strong></span> 
     </span>
     <span class='ocr_line' id='line_1_18' title="bbox 170 2126 1275 2219; baseline 0.002 -24"><span class='ocrx_word' id='word_1_160' title='bbox 170 2133 332 2208; x_wconf 66' lang='grc' dir='ltr'><strong><em>ἐναντίοις,</em></strong></span> <span class='ocrx_word' id='word_1_161' title='bbox 355 2133 541 2216; x_wconf 68' lang='grc' dir='ltr'><strong><em>περαιωθείς</em></strong></span> <span class='ocrx_word' id='word_1_162' title='bbox 557 2130 613 2214; x_wconf 86' lang='grc' dir='ltr'><strong><em>τήν</em></strong></span> <span class='ocrx_word' id='word_1_163' title='bbox 636 2129 774 2218; x_wconf 88' lang='grc' dir='ltr'><strong><em>διώρυχα</em></strong></span> <span class='ocrx_word' id='word_1_164' title='bbox 789 2131 861 2208; x_wconf 79' lang='grc' dir='ltr'><strong><em>τούς</em></strong></span> <span class='ocrx_word' id='word_1_165' title='bbox 872 2126 932 2194; x_wconf 80' lang='lat' dir='ltr'>dud</span> <span class='ocrx_word' id='word_1_166' title='bbox 948 2132 1169 2219; x_wconf 79' lang='grc' dir='ltr'><strong><em>Λουκιλλιανῷ</em></strong></span> <span class='ocrx_word' id='word_1_167' title='bbox 1186 2157 1275 2197; x_wconf 85' lang='grc' dir='ltr'><strong><em>τετα-</em></strong></span> 
     </span>
     <span class='ocr_line' id='line_1_19' title="bbox 169 2231 1276 2320; baseline 0 -22"><span class='ocrx_word' id='word_1_168' title='bbox 169 2235 298 2319; x_wconf 84' lang='grc' dir='ltr'><strong><em>γμίνους</em></strong></span> <span class='ocrx_word' id='word_1_169' title='bbox 317 2231 421 2317; x_wconf 71' lang='grc' dir='ltr'><strong><em>ἐζήτει.</em></strong></span> <span class='ocrx_word' id='word_1_170' title='bbox 474 2232 568 2319; x_wconf 84' lang='grc'>(17)</span> <span class='ocrx_word' id='word_1_171' title='bbox 595 2234 758 2320; x_wconf 80' lang='grc' dir='ltr'><strong><em>προελθών</em></strong></span> <span class='ocrx_word' id='word_1_172' title='bbox 779 2235 812 2299; x_wconf 76' lang='grc' dir='ltr'><strong><em>δὲ</em></strong></span> <span class='ocrx_word' id='word_1_173' title='bbox 828 2233 1007 2320; x_wconf 83' lang='grc' dir='ltr'><strong><em>περαιτίρω,</em></strong></span> <span class='ocrx_word' id='word_1_174' title='bbox 1033 2236 1178 2316; x_wconf 89' lang='grc' dir='ltr'><strong><em>πολεμίου</em></strong></span> <span class='ocrx_word' id='word_1_175' title='bbox 1196 2262 1276 2301; x_wconf 91' lang='grc' dir='ltr'><strong><em>παν-</em></strong></span> 
     </span>
     <span class='ocr_line' id='line_1_20' title="bbox 170 2333 1277 2426; baseline 0.003 -25"><span class='ocrx_word' id='word_1_176' title='bbox 170 2335 304 2402; x_wconf 89' lang='grc' dir='ltr'><strong><em>τάπασιν</em></strong></span> <span class='ocrx_word' id='word_1_177' title='bbox 322 2337 446 2414; x_wconf 80' lang='grc' dir='ltr'><strong><em>οάδενιλς</em></strong></span> <span class='ocrx_word' id='word_1_178' title='bbox 460 2333 647 2420; x_wconf 74' lang='grc' dir='ltr'><strong><em>αἰσθόμενος</em></strong></span> <span class='ocrx_word' id='word_1_179' title='bbox 652 2386 663 2419; x_wconf 93' lang='grc'><strong><em>,</em></strong></span> <span class='ocrx_word' id='word_1_180' title='bbox 689 2333 852 2422; x_wconf 72' lang='grc' dir='ltr'><strong><em>ἐκβοήσεσί</em></strong></span> <span class='ocrx_word' id='word_1_181' title='bbox 866 2363 898 2402; x_wconf 91' lang='grc' dir='ltr'><strong><em>τε</em></strong></span> <span class='ocrx_word' id='word_1_182' title='bbox 915 2333 1052 2402; x_wconf 77' lang='grc' dir='ltr'><strong><em>ἀνεκάλει</em></strong></span> <span class='ocrx_word' id='word_1_183' title='bbox 1067 2337 1139 2415; x_wconf 85' lang='grc' dir='ltr'><strong><em>τοδς</em></strong></span> <span class='ocrx_word' id='word_1_184' title='bbox 1155 2335 1277 2426; x_wconf 71' lang='grc' dir='ltr'><strong><em>ὁμοφύ-</em></strong></span> 
     </span>
     <span class='ocr_line' id='line_1_21' title="bbox 129 2436 1276 2528; baseline 0.001 -22"><span class='ocrx_word' id='word_1_185' title='bbox 129 2446 246 2518; x_wconf 59' lang='lat' dir='ltr'>totove</span> <span class='ocrx_word' id='word_1_186' title='bbox 266 2443 318 2504; x_wconf 77' lang='grc' dir='ltr'><strong><em>καὶ</em></strong></span> <span class='ocrx_word' id='word_1_187' title='bbox 337 2443 511 2525; x_wconf 86' lang='grc' dir='ltr'><strong><em>σαλπίγγων</em></strong></span> <span class='ocrx_word' id='word_1_188' title='bbox 529 2439 618 2524; x_wconf 86' lang='grc' dir='ltr'><strong><em>ήχοις</em></strong></span> <span class='ocrx_word' id='word_1_189' title='bbox 638 2439 807 2525; x_wconf 82' lang='grc' dir='ltr'><strong><em>πλησιάσαι</em></strong></span> <span class='ocrx_word' id='word_1_190' title='bbox 833 2443 939 2528; x_wconf 71' lang='grc' dir='ltr'><strong><em>σφίσιν</em></strong></span> <span class='ocrx_word' id='word_1_191' title='bbox 956 2436 1124 2523; x_wconf 76' lang='grc' dir='ltr'><strong><em>ίσήμαινεν.</em></strong></span> <span class='ocrx_word' id='word_1_192' title='bbox 1176 2441 1276 2508; x_wconf 85' lang='grc' dir='ltr'><strong><em>ἀπαν-</em></strong></span> 
     </span>
    </p>
   </div>
   <div class='ocr_carea' id='block_1_3' title="bbox 102 2538 1395 2633">
    <p class='ocr_par' dir='ltr' id='par_1_3' title="bbox 102 2538 1395 2633">
     <span class='ocr_line' id='line_1_22' title="bbox 102 2538 1395 2633; baseline 0.001 -23"><span class='ocrx_word' id='word_1_193' title='bbox 102 2595 105 2601; x_wconf 79' lang='grc'>.</span> <span class='ocrx_word' id='word_1_194' title='bbox 171 2540 330 2628; x_wconf 86' lang='grc' dir='ltr'><strong><em>τησάντων</em></strong></span> <span class='ocrx_word' id='word_1_195' title='bbox 345 2544 379 2608; x_wconf 76' lang='grc' dir='ltr'><strong><em>δὲ</em></strong></span> <span class='ocrx_word' id='word_1_196' title='bbox 397 2538 478 2608; x_wconf 74' lang='lat' dir='ltr'>nord</span> <span class='ocrx_word' id='word_1_197' title='bbox 495 2549 569 2608; x_wconf 85' lang='grc' dir='ltr'><strong><em>νούν</em></strong></span> <span class='ocrx_word' id='word_1_198' title='bbox 587 2543 671 2633; x_wconf 77' lang='grc' dir='ltr'><strong><em>αύτῷ</em></strong></span> <span class='ocrx_word' id='word_1_199' title='bbox 685 2547 737 2608; x_wconf 81' lang='grc' dir='ltr'><strong><em>καὶ</em></strong></span> <span class='ocrx_word' id='word_1_200' title='bbox 753 2549 815 2610; x_wconf 82' lang='grc' dir='ltr'><strong><em>τῶν</em></strong></span> <span class='ocrx_word' id='word_1_201' title='bbox 835 2543 895 2608; x_wconf 85' lang='grc' dir='ltr'><strong><em>ἀπὸ</em></strong></span> <span class='ocrx_word' id='word_1_202' title='bbox 910 2549 966 2626; x_wconf 84' lang='grc' dir='ltr'><strong><em>τῆς</em></strong></span> <span class='ocrx_word' id='word_1_203' title='bbox 981 2539 1076 2628; x_wconf 87' lang='grc' dir='ltr'><strong><em>τύχης</em></strong></span> <span class='ocrx_word' id='word_1_204' title='bbox 1092 2541 1277 2626; x_wconf 89' lang='grc' dir='ltr'><strong><em>συμπάντων</em></strong></span> <span class='ocrx_word' id='word_1_205' title='bbox 1388 2587 1395 2598; x_wconf 74' lang='lat'><em>,</em></span> 
     </span>
    </p>
   </div>
   <div class='ocr_carea' id='block_1_4' title="bbox 172 2643 1279 2734">
    <p class='ocr_par' dir='ltr' id='par_1_4' title="bbox 172 2643 1279 2734">
     <span class='ocr_line' id='line_1_23' title="bbox 172 2643 1279 2734; baseline 0.001 -21"><span class='ocrx_word' id='word_1_206' title='bbox 172 2643 438 2723; x_wconf 82' lang='grc' dir='ltr'><strong><em>ὅΛουκιλλιιινδς</em></strong></span> <span class='ocrx_word' id='word_1_207' title='bbox 459 2643 701 2733; x_wconf 85' lang='grc' dir='ltr'><strong><em>τεκμηράμενος,</em></strong></span> <span class='ocrx_word' id='word_1_208' title='bbox 718 2653 759 2734; x_wconf 79' lang='grc' dir='ltr'><strong><em>τῇ</em></strong></span> <span class='ocrx_word' id='word_1_209' title='bbox 777 2643 856 2730; x_wconf 84' lang='grc' dir='ltr'><strong><em>μετιλ</em></strong></span> <span class='ocrx_word' id='word_1_210' title='bbox 880 2647 1040 2733; x_wconf 89' lang='grc' dir='ltr'><strong><em>Βίκτωρος</em></strong></span> <span class='ocrx_word' id='word_1_211' title='bbox 1060 2644 1137 2734; x_wconf 82' lang='grc' dir='ltr'><strong><em>ούση</em></strong></span> <span class='ocrx_word' id='word_1_212' title='bbox 1152 2645 1279 2732; x_wconf 89' lang='grc' dir='ltr'><strong><em>δυνάμει</em></strong></span> 
     </span>
    </p>
   </div>
   <div class='ocr_carea' id='block_1_5' title="bbox 241 2799 1281 3016">
    <p class='ocr_par' dir='ltr' id='par_1_5' title="bbox 241 2799 1281 3016">
     <span class='ocr_line' id='line_1_24' title="bbox 241 2799 1279 2875; baseline 0.002 -12"><span class='ocrx_word' id='word_1_213' title='bbox 241 2801 365 2874; x_wconf 76' lang='grc' dir='ltr'><strong><em>Ξδγοδν</em></strong></span> <span class='ocrx_word' id='word_1_214' title='bbox 382 2807 414 2863; x_wconf 82' lang='lat' dir='ltr'><strong><em>l’.</em></strong></span> <span class='ocrx_word' id='word_1_215' title='bbox 516 2807 536 2862; x_wconf 83' lang='lat'><strong>9</strong></span> <span class='ocrx_word' id='word_1_216' title='bbox 559 2807 788 2875; x_wconf 73' lang='grc' dir='ltr'><strong><em>προπεμφθεῖσιν</em></strong></span> <span class='ocrx_word' id='word_1_217' title='bbox 811 2803 854 2860; x_wconf 83' lang='lat' dir='ltr'><strong><em>vel</em></strong></span> <span class='ocrx_word' id='word_1_218' title='bbox 879 2799 1109 2874; x_wconf 75' lang='grc' dir='ltr'><strong><em>ἀποπεμφθεῖσιν</em></strong></span> <span class='ocrx_word' id='word_1_219' title='bbox 1133 2807 1279 2865; x_wconf 64' lang='lat' dir='ltr'>Mearm.</span> 
     </span>
     <span class='ocr_line' id='line_1_25' title="bbox 241 2873 1281 2950; baseline 0.006 -21"><span class='ocrx_word' id='word_1_220' title='bbox 241 2878 331 2943; x_wconf 79' lang='lat' dir='ltr'>legere</span> <span class='ocrx_word' id='word_1_221' title='bbox 342 2875 417 2930; x_wconf 87' lang='lat' dir='ltr'>etiam</span> <span class='ocrx_word' id='word_1_222' title='bbox 427 2875 552 2948; x_wconf 87' lang='lat' dir='ltr'>possimus</span> <span class='ocrx_word' id='word_1_223' title='bbox 564 2873 762 2942; x_wconf 71' lang='grc' dir='ltr'><strong><em>ἀπολυθεῖσιν,</em></strong></span> <span class='ocrx_word' id='word_1_224' title='bbox 786 2893 836 2945; x_wconf 92' lang='lat' dir='ltr'>qno</span> <span class='ocrx_word' id='word_1_225' title='bbox 848 2875 927 2928; x_wconf 76' lang='lat' dir='ltr'>verbo</span> <span class='ocrx_word' id='word_1_226' title='bbox 938 2891 999 2928; x_wconf 86' lang='lat' dir='ltr'>usus</span> <span class='ocrx_word' id='word_1_227' title='bbox 1011 2884 1052 2929; x_wconf 89' lang='lat' dir='ltr'>est</span> <span class='ocrx_word' id='word_1_228' title='bbox 1063 2875 1180 2931; x_wconf 77' lang='lat' dir='ltr'>Zosimus</span> <span class='ocrx_word' id='word_1_229' title='bbox 1192 2896 1216 2950; x_wconf 90' lang='lat' dir='ltr'><strong><em>p.</em></strong></span> <span class='ocrx_word' id='word_1_230' title='bbox 1230 2880 1281 2935; x_wconf 75' lang='lat'><strong><em>15³</em></strong></span> 
     </span>
     <span class='ocr_line' id='line_1_26' title="bbox 243 2940 1281 3016; baseline 0.004 -16"><span class='ocrx_word' id='word_1_231' title='bbox 243 2947 288 3001; x_wconf 70' lang='lat'><strong><em>22.</em></strong></span> <span class='ocrx_word' id='word_1_232' title='bbox 305 2947 340 2998; x_wconf 86' lang='lat' dir='ltr'><strong><em>ll.</em></strong></span> <span class='ocrx_word' id='word_1_233' title='bbox 411 2949 445 3002; x_wconf 83' lang='lat'><strong><em>12</em></strong></span> <span class='ocrx_word' id='word_1_234' title='bbox 458 2946 510 3014; x_wconf 81' lang='grc' dir='ltr'><strong><em>τῆς</em></strong></span> <span class='ocrx_word' id='word_1_235' title='bbox 523 2963 564 2998; x_wconf 87' lang='lat' dir='ltr'><strong><em>orn</em></strong></span> <span class='ocrx_word' id='word_1_236' title='bbox 579 2946 649 2999; x_wconf 87' lang='lat' dir='ltr'>libri.</span> <span class='ocrx_word' id='word_1_237' title='bbox 718 2948 753 3000; x_wconf 80' lang='lat'><strong><em>16</em></strong></span> <span class='ocrx_word' id='word_1_238' title='bbox 766 2940 931 3013; x_wconf 78' lang='lat' dir='ltr'>doovvulgo.</span> <span class='ocrx_word' id='word_1_239' title='bbox 990 2946 1025 3000; x_wconf 84' lang='lat'><strong><em>21</em></strong></span> <span class='ocrx_word' id='word_1_240' title='bbox 1038 2943 1203 3016; x_wconf 81' lang='grc' dir='ltr'><strong><em>συμβάντων</em></strong></span> <span class='ocrx_word' id='word_1_241' title='bbox 1214 2947 1281 3004; x_wconf 86' lang='lat' dir='ltr'>libri.</span> 
     </span>
    </p>
   </div>
   <div class='ocr_carea' id='block_1_6' title="bbox 175 3080 1279 3205">
    <p class='ocr_par' dir='ltr' id='par_1_6' title="bbox 175 3080 1279 3205">
     <span class='ocr_line' id='line_1_27' title="bbox 175 3080 1279 3205; baseline -0.002 -67"><span class='ocrx_word' id='word_1_242' title='bbox 175 3101 242 3139; x_wconf 87' lang='lat' dir='ltr'>mum</span> <span class='ocrx_word' id='word_1_243' title='bbox 253 3099 334 3205; x_wconf 63' lang='lat' dir='ltr'>eispnos</span> <span class='ocrx_word' id='word_1_244' title='bbox 344 3080 442 3151; x_wconf 77' lang='lat' dir='ltr'>afiligi,</span> <span class='ocrx_word' id='word_1_245' title='bbox 468 3099 549 3152; x_wconf 85' lang='lat' dir='ltr'>sequa</span> <span class='ocrx_word' id='word_1_246' title='bbox 568 3097 626 3134; x_wconf 88' lang='lat' dir='ltr'><strong><em>cum</em></strong></span> <span class='ocrx_word' id='word_1_247' title='bbox 642 3080 719 3134; x_wconf 74' lang='lat' dir='ltr'>umis</span> <span class='ocrx_word' id='word_1_248' title='bbox 738 3081 837 3133; x_wconf 85' lang='lat' dir='ltr'>alveum</span> <span class='ocrx_word' id='word_1_249' title='bbox 853 3084 990 3134; x_wconf 71' lang='grc' dir='ltr'><strong><em>τινάσσετο</em></strong></span> <span class='ocrx_word' id='word_1_250' title='bbox 1010 3082 1078 3135; x_wconf 88' lang='lat' dir='ltr'>nullo</span> <span class='ocrx_word' id='word_1_251' title='bbox 1097 3083 1173 3136; x_wconf 89' lang='lat' dir='ltr'>modo</span> <span class='ocrx_word' id='word_1_252' title='bbox 1191 3100 1279 3155; x_wconf 84' lang='lat' dir='ltr'>posse,</span> 
     </span>
    </p>
   </div>
   <div class='ocr_carea' id='block_1_7' title="bbox 84 3149 1287 4404">
    <p class='ocr_par' dir='ltr' id='par_1_7' title="bbox 84 3149 1287 4404">
     <span class='ocr_line' id='line_1_28' title="bbox 175 3149 1281 3223; baseline -0.002 -17"><span class='ocrx_word' id='word_1_253' title='bbox 175 3154 245 3223; x_wconf 88' lang='lat' dir='ltr'>qnod</span> <span class='ocrx_word' id='word_1_254' title='bbox 307 3153 366 3205; x_wconf 89' lang='lat' dir='ltr'>fieri</span> <span class='ocrx_word' id='word_1_255' title='bbox 378 3151 487 3205; x_wconf 74' lang='lat' dir='ltr'>altitudo</span> <span class='ocrx_word' id='word_1_256' title='bbox 500 3167 583 3221; x_wconf 84' lang='lat' dir='ltr'>sqnse</span> <span class='ocrx_word' id='word_1_257' title='bbox 593 3167 645 3204; x_wconf 93' lang='lat' dir='ltr'>non</span> <span class='ocrx_word' id='word_1_258' title='bbox 656 3149 819 3220; x_wconf 88' lang='lat' dir='ltr'>permitteret</span> <span class='ocrx_word' id='word_1_259' title='bbox 831 3156 859 3202; x_wconf 86' lang='lat' dir='ltr'>et</span> <span class='ocrx_word' id='word_1_260' title='bbox 867 3166 917 3218; x_wconf 92' lang='lat' dir='ltr'>per</span> <span class='ocrx_word' id='word_1_261' title='bbox 929 3150 1008 3203; x_wconf 91' lang='lat' dir='ltr'>lutum</span> <span class='ocrx_word' id='word_1_262' title='bbox 1020 3159 1129 3221; x_wconf 91' lang='lat' dir='ltr'>propter</span> <span class='ocrx_word' id='word_1_263' title='bbox 1139 3153 1193 3206; x_wconf 91' lang='lat' dir='ltr'>eius</span> <span class='ocrx_word' id='word_1_264' title='bbox 1205 3154 1281 3221; x_wconf 73' lang='lat' dir='ltr'>uligi-</span> 
     </span>
     <span class='ocr_line' id='line_1_29' title="bbox 174 3219 1281 3290; baseline -0.002 -14"><span class='ocrx_word' id='word_1_265' title='bbox 174 3240 233 3276; x_wconf 85' lang='lat' dir='ltr'><strong><em>nem</em></strong></span> <span class='ocrx_word' id='word_1_266' title='bbox 244 3222 368 3275; x_wconf 84' lang='lat' dir='ltr'>transitus</span> <span class='ocrx_word' id='word_1_267' title='bbox 380 3239 430 3273; x_wconf 91' lang='lat' dir='ltr'>non</span> <span class='ocrx_word' id='word_1_268' title='bbox 442 3227 559 3290; x_wconf 86' lang='lat' dir='ltr'>poteret,</span> <span class='ocrx_word' id='word_1_269' title='bbox 585 3221 618 3273; x_wconf 89' lang='lat' dir='ltr'><strong><em>ad</em></strong></span> <span class='ocrx_word' id='word_1_270' title='bbox 637 3227 778 3273; x_wconf 81' lang='lat' dir='ltr'>extremum</span> <span class='ocrx_word' id='word_1_271' title='bbox 795 3219 924 3288; x_wconf 84' lang='lat' dir='ltr'>quendam</span> <span class='ocrx_word' id='word_1_272' title='bbox 941 3219 1051 3289; x_wconf 81' lang='lat' dir='ltr'>inopium</span> <span class='ocrx_word' id='word_1_273' title='bbox 1068 3221 1166 3274; x_wconf 91' lang='lat' dir='ltr'>consilii</span> <span class='ocrx_word' id='word_1_274' title='bbox 1182 3221 1281 3275; x_wconf 83' lang='lat' dir='ltr'>reducti</span> 
     </span>
     <span class='ocr_line' id='line_1_30' title="bbox 175 3287 1282 3361; baseline -0.003 -15"><span class='ocrx_word' id='word_1_275' title='bbox 175 3298 245 3346; x_wconf 81' lang='lat' dir='ltr'>sunt.</span> <span class='ocrx_word' id='word_1_276' title='bbox 281 3298 308 3342; x_wconf 87' lang='lat' dir='ltr'>et</span> <span class='ocrx_word' id='word_1_277' title='bbox 319 3289 459 3361; x_wconf 88' lang='lat' dir='ltr'>pericnlum</span> <span class='ocrx_word' id='word_1_278' title='bbox 471 3307 504 3342; x_wconf 82' lang='lat' dir='ltr'><strong><em>en</em></strong></span> <span class='ocrx_word' id='word_1_279' title='bbox 514 3304 616 3359; x_wconf 90' lang='lat' dir='ltr'>quoque</span> <span class='ocrx_word' id='word_1_280' title='bbox 627 3307 656 3341; x_wconf 81' lang='lat' dir='ltr'>rs</span> <span class='ocrx_word' id='word_1_281' title='bbox 669 3288 748 3342; x_wconf 81' lang='lat' dir='ltr'>maius</span> <span class='ocrx_word' id='word_1_282' title='bbox 760 3296 832 3355; x_wconf 88' lang='lat' dir='ltr'>ernt,</span> <span class='ocrx_word' id='word_1_283' title='bbox 857 3287 926 3356; x_wconf 88' lang='lat' dir='ltr'>quod</span> <span class='ocrx_word' id='word_1_284' title='bbox 944 3289 1032 3341; x_wconf 85' lang='lat' dir='ltr'>hostes</span> <span class='ocrx_word' id='word_1_285' title='bbox 1048 3288 1074 3341; x_wconf 91' lang='lat' dir='ltr'><strong><em>in</em></strong></span> <span class='ocrx_word' id='word_1_286' title='bbox 1093 3289 1205 3344; x_wconf 74' lang='lat' dir='ltr'>adversa</span> <span class='ocrx_word' id='word_1_287' title='bbox 1224 3291 1245 3344; x_wconf 90' lang='lat' dir='ltr'>ri</span> <span class='ocrx_word' id='word_1_288' title='bbox 1265 3306 1282 3343; x_wconf 81' lang='lat' dir='ltr'>o</span> 
     </span>
     <span class='ocr_line' id='line_1_31' title="bbox 175 3357 1282 3430; baseline 0 -18"><span class='ocrx_word' id='word_1_289' title='bbox 175 3359 405 3430; x_wconf 68' lang='lat' dir='ltr'>conspicabantur,</span> <span class='ocrx_word' id='word_1_290' title='bbox 421 3359 481 3412; x_wconf 90' lang='lat' dir='ltr'>telis</span> <span class='ocrx_word' id='word_1_291' title='bbox 492 3367 519 3411; x_wconf 84' lang='lat' dir='ltr'>et</span> <span class='ocrx_word' id='word_1_292' title='bbox 530 3357 697 3410; x_wconf 83' lang='lat' dir='ltr'>einculntione</span> <span class='ocrx_word' id='word_1_293' title='bbox 708 3373 827 3410; x_wconf 76' lang='lat' dir='ltr'>saxorum</span> <span class='ocrx_word' id='word_1_294' title='bbox 839 3375 854 3410; x_wconf 86' lang='lat' dir='ltr'>e</span> <span class='ocrx_word' id='word_1_295' title='bbox 865 3357 950 3409; x_wconf 83' lang='lat' dir='ltr'>lundis</span> <span class='ocrx_word' id='word_1_296' title='bbox 960 3357 1164 3412; x_wconf 84' lang='lat' dir='ltr'>transiectiouem</span> <span class='ocrx_word' id='word_1_297' title='bbox 1174 3359 1225 3429; x_wconf 85' lang='lat' dir='ltr'><strong><em>imp</em></strong></span> <span class='ocrx_word' id='word_1_298' title='bbox 1258 3359 1282 3411; x_wconf 88' lang='lat' dir='ltr'><strong><em>i·</em></strong></span> 
     </span>
     <span class='ocr_line' id='line_1_32' title="bbox 175 3425 1281 3498; baseline -0.001 -17"><span class='ocrx_word' id='word_1_299' title='bbox 175 3437 258 3481; x_wconf 83' lang='lat' dir='ltr'>amos.</span> <span class='ocrx_word' id='word_1_300' title='bbox 292 3444 350 3480; x_wconf 84' lang='lat' dir='ltr'>cnm</span> <span class='ocrx_word' id='word_1_301' title='bbox 361 3445 434 3480; x_wconf 87' lang='lat' dir='ltr'>nemo</span> <span class='ocrx_word' id='word_1_302' title='bbox 446 3427 561 3498; x_wconf 85' lang='lat' dir='ltr'>reperire</span> <span class='ocrx_word' id='word_1_303' title='bbox 571 3428 672 3480; x_wconf 87' lang='lat' dir='ltr'>modum</span> <span class='ocrx_word' id='word_1_304' title='bbox 686 3434 775 3495; x_wconf 81' lang='lat' dir='ltr'>posset</span> <span class='ocrx_word' id='word_1_305' title='bbox 786 3425 911 3495; x_wconf 87' lang='lat' dir='ltr'>quomodo</span> <span class='ocrx_word' id='word_1_306' title='bbox 926 3426 959 3478; x_wconf 84' lang='lat' dir='ltr'><strong><em>de</em></strong></span> <span class='ocrx_word' id='word_1_307' title='bbox 971 3427 1086 3495; x_wconf 83' lang='lat' dir='ltr'>periculis</span> <span class='ocrx_word' id='word_1_308' title='bbox 1098 3429 1206 3482; x_wconf 88' lang='lat' dir='ltr'>obiectis</span> <span class='ocrx_word' id='word_1_309' title='bbox 1217 3443 1281 3481; x_wconf 79' lang='lat' dir='ltr'>era-</span> 
     </span>
     <span class='ocr_line' id='line_1_33' title="bbox 176 3495 1283 3568; baseline 0 -18"><span class='ocrx_word' id='word_1_310' title='bbox 176 3497 287 3564; x_wconf 85' lang='lat' dir='ltr'>derent,</span> <span class='ocrx_word' id='word_1_311' title='bbox 311 3496 465 3567; x_wconf 73' lang='lat' dir='ltr'>imperator,</span> <span class='ocrx_word' id='word_1_312' title='bbox 481 3496 524 3565; x_wconf 89' lang='lat' dir='ltr'>qui</span> <span class='ocrx_word' id='word_1_313' title='bbox 536 3504 589 3548; x_wconf 91' lang='lat' dir='ltr'><strong><em>tum</em></strong></span> <span class='ocrx_word' id='word_1_314' title='bbox 600 3495 745 3564; x_wconf 77' lang='lat' dir='ltr'>sagacitate</span> <span class='ocrx_word' id='word_1_315' title='bbox 756 3496 834 3548; x_wconf 82' lang='lat' dir='ltr'>robur</span> <span class='ocrx_word' id='word_1_316' title='bbox 845 3495 870 3547; x_wconf 89' lang='lat' dir='ltr'><strong><em>in</em></strong></span> <span class='ocrx_word' id='word_1_317' title='bbox 883 3495 997 3547; x_wconf 87' lang='lat' dir='ltr'>omnibus</span> <span class='ocrx_word' id='word_1_318' title='bbox 1008 3505 1061 3548; x_wconf 88' lang='lat' dir='ltr'><strong><em>tum</em></strong></span> <span class='ocrx_word' id='word_1_319' title='bbox 1073 3497 1231 3568; x_wconf 83' lang='lat' dir='ltr'>experientia</span> <span class='ocrx_word' id='word_1_320' title='bbox 1243 3496 1283 3550; x_wconf 85' lang='lat' dir='ltr'>rei</span> 
     </span>
     <span class='ocr_line' id='line_1_34' title="bbox 176 3563 1284 3634; baseline 0.001 -16"><span class='ocrx_word' id='word_1_321' title='bbox 176 3564 292 3618; x_wconf 75' lang='lat' dir='ltr'>militaris</span> <span class='ocrx_word' id='word_1_322' title='bbox 303 3573 457 3634; x_wconf 77' lang='lat' dir='ltr'>praestaret,</span> <span class='ocrx_word' id='word_1_323' title='bbox 470 3565 562 3618; x_wconf 89' lang='lat' dir='ltr'>statuit</span> <span class='ocrx_word' id='word_1_324' title='bbox 573 3565 640 3617; x_wconf 90' lang='lat' dir='ltr'>mille</span> <span class='ocrx_word' id='word_1_325' title='bbox 669 3563 795 3632; x_wconf 78' lang='lat' dir='ltr'>ningentis</span> <span class='ocrx_word' id='word_1_326' title='bbox 807 3563 865 3629; x_wconf 86' lang='lat' dir='ltr'>illis,</span> <span class='ocrx_word' id='word_1_327' title='bbox 878 3563 922 3633; x_wconf 90' lang='lat' dir='ltr'>qui</span> <span class='ocrx_word' id='word_1_328' title='bbox 932 3565 980 3617; x_wconf 91' lang='lat' dir='ltr'>sub</span> <span class='ocrx_word' id='word_1_329' title='bbox 987 3563 1126 3618; x_wconf 87' lang='lat' dir='ltr'>Lucilliano</span> <span class='ocrx_word' id='word_1_330' title='bbox 1138 3567 1284 3619; x_wconf 86' lang='lat' dir='ltr'>militabant</span> 
     </span>
     <span class='ocr_line' id='line_1_35' title="bbox 177 3633 1285 3716; baseline 0 -28"><span class='ocrx_word' id='word_1_331' title='bbox 177 3643 206 3689; x_wconf 89' lang='lat' dir='ltr'>et</span> <span class='ocrx_word' id='word_1_332' title='bbox 218 3634 387 3716; x_wconf 67' lang='lat' dir='ltr'><strong><em>explorabant</em></strong></span> <span class='ocrx_word' id='word_1_333' title='bbox 396 3633 498 3701; x_wconf 84' lang='lat' dir='ltr'>itinera,</span> <span class='ocrx_word' id='word_1_334' title='bbox 517 3633 653 3702; x_wconf 71' lang='lat' dir='ltr'>significan</span> <span class='ocrx_word' id='word_1_335' title='bbox 689 3650 712 3686; x_wconf 88' lang='lat' dir='ltr'>m</span> <span class='ocrx_word' id='word_1_336' title='bbox 725 3649 791 3700; x_wconf 83' lang='lat' dir='ltr'>esse,</span> <span class='ocrx_word' id='word_1_337' title='bbox 808 3633 896 3686; x_wconf 84' lang='lat' dir='ltr'>hostes</span> <span class='ocrx_word' id='word_1_338' title='bbox 910 3650 925 3687; x_wconf 90' lang='lat' dir='ltr'>a</span> <span class='ocrx_word' id='word_1_339' title='bbox 937 3639 1011 3702; x_wconf 75' lang='lat' dir='ltr'>tergo</span> <span class='ocrx_word' id='word_1_340' title='bbox 1023 3633 1185 3688; x_wconf 81' lang='lat' dir='ltr'>adorirentur</span> <span class='ocrx_word' id='word_1_341' title='bbox 1197 3643 1224 3688; x_wconf 81' lang='lat' dir='ltr'>et</span> <span class='ocrx_word' id='word_1_342' title='bbox 1235 3653 1285 3688; x_wconf 88' lang='lat' dir='ltr'>eo-</span> 
     </span>
     <span class='ocr_line' id='line_1_36' title="bbox 84 3701 1285 3772; baseline -0.001 -14"><span class='ocrx_word' id='word_1_343' title='bbox 84 3721 87 3728; x_wconf 91' lang='lat'><em>·</em></span> <span class='ocrx_word' id='word_1_344' title='bbox 176 3721 234 3758; x_wconf 87' lang='lat' dir='ltr'><strong><em>rum</em></strong></span> <span class='ocrx_word' id='word_1_345' title='bbox 247 3709 367 3772; x_wconf 78' lang='lat' dir='ltr'>impetum</span> <span class='ocrx_word' id='word_1_346' title='bbox 378 3703 403 3754; x_wconf 91' lang='lat' dir='ltr'><strong><em>in</em></strong></span> <span class='ocrx_word' id='word_1_347' title='bbox 414 3720 444 3755; x_wconf 83' lang='lat' dir='ltr'><strong><em>se</em></strong></span> <span class='ocrx_word' id='word_1_348' title='bbox 454 3707 650 3770; x_wconf 84' lang='lat' dir='ltr'>converterent,</span> <span class='ocrx_word' id='word_1_349' title='bbox 668 3709 699 3754; x_wconf 91' lang='lat' dir='ltr'><strong><em>ut</em></strong></span> <span class='ocrx_word' id='word_1_350' title='bbox 710 3703 759 3754; x_wconf 88' lang='lat' dir='ltr'><strong><em>hoc</em></strong></span> <span class='ocrx_word' id='word_1_351' title='bbox 771 3701 845 3754; x_wconf 88' lang='lat' dir='ltr'>modo</span> <span class='ocrx_word' id='word_1_352' title='bbox 857 3701 986 3755; x_wconf 84' lang='lat' dir='ltr'>exercitus</span> <span class='ocrx_word' id='word_1_353' title='bbox 996 3701 1097 3756; x_wconf 78' lang='lat' dir='ltr'>alveum</span> <span class='ocrx_word' id='word_1_354' title='bbox 1108 3701 1285 3758; x_wconf 71' lang='lat' dir='ltr'>transmittere</span> 
     </span>
     <span class='ocr_line' id='line_1_37' title="bbox 177 3769 1285 3842; baseline 0 -16"><span class='ocrx_word' id='word_1_355' title='bbox 177 3773 277 3826; x_wconf 84' lang='lat' dir='ltr'>nemine</span> <span class='ocrx_word' id='word_1_356' title='bbox 288 3771 440 3841; x_wconf 78' lang='lat' dir='ltr'>prohibente</span> <span class='ocrx_word' id='word_1_357' title='bbox 450 3777 547 3840; x_wconf 86' lang='lat' dir='ltr'>posset.</span> <span class='ocrx_word' id='word_1_358' title='bbox 569 3771 657 3840; x_wconf 85' lang='lat' dir='ltr'>itnque</span> <span class='ocrx_word' id='word_1_359' title='bbox 669 3769 802 3823; x_wconf 81' lang='lat' dir='ltr'>Victorem</span> <span class='ocrx_word' id='word_1_360' title='bbox 812 3770 902 3823; x_wconf 82' lang='lat' dir='ltr'>ducem</span> <span class='ocrx_word' id='word_1_361' title='bbox 912 3771 975 3824; x_wconf 86' lang='lat' dir='ltr'>satis</span> <span class='ocrx_word' id='word_1_362' title='bbox 986 3771 1084 3840; x_wconf 82' lang='lat' dir='ltr'>magnis</span> <span class='ocrx_word' id='word_1_363' title='bbox 1096 3774 1179 3842; x_wconf 90' lang='lat' dir='ltr'>copiis</span> <span class='ocrx_word' id='word_1_364' title='bbox 1191 3773 1222 3826; x_wconf 87' lang='lat' dir='ltr'><strong><em>sd</em></strong></span> <span class='ocrx_word' id='word_1_365' title='bbox 1233 3773 1285 3826; x_wconf 88' lang='lat' dir='ltr'><strong><em>hoo</em></strong></span> 
     </span>
     <span class='ocr_line' id='line_1_38' title="bbox 177 3839 1284 3910; baseline -0.003 -14"><span class='ocrx_word' id='word_1_366' title='bbox 177 3843 290 3909; x_wconf 73' lang='lat' dir='ltr'>ablegat.</span> <span class='ocrx_word' id='word_1_367' title='bbox 323 3840 348 3892; x_wconf 92' lang='lat' dir='ltr'><strong><em>is</em></strong></span> <span class='ocrx_word' id='word_1_368' title='bbox 368 3840 508 3892; x_wconf 83' lang='lat' dir='ltr'>observato</span> <span class='ocrx_word' id='word_1_369' title='bbox 524 3849 616 3906; x_wconf 89' lang='lat' dir='ltr'>nocte,</span> <span class='ocrx_word' id='word_1_370' title='bbox 632 3858 666 3893; x_wconf 88' lang='lat' dir='ltr'><strong><em>ne</em></strong></span> <span class='ocrx_word' id='word_1_371' title='bbox 684 3840 877 3910; x_wconf 76' lang='lat' dir='ltr'>conspiceretur</span> <span class='ocrx_word' id='word_1_372' title='bbox 894 3856 911 3891; x_wconf 87' lang='lat' dir='ltr'>a</span> <span class='ocrx_word' id='word_1_373' title='bbox 925 3839 1014 3894; x_wconf 87' lang='lat' dir='ltr'>Persis</span> <span class='ocrx_word' id='word_1_374' title='bbox 1029 3841 1110 3910; x_wconf 89' lang='lat' dir='ltr'>ipsius</span> <span class='ocrx_word' id='word_1_375' title='bbox 1122 3843 1154 3896; x_wconf 86' lang='lat' dir='ltr'><strong><em>nb</em></strong></span> <span class='ocrx_word' id='word_1_376' title='bbox 1167 3840 1284 3895; x_wconf 85' lang='lat' dir='ltr'>exercitu</span> 
     </span>
     <span class='ocr_line' id='line_1_39' title="bbox 179 3907 1285 3979; baseline -0.002 -15"><span class='ocrx_word' id='word_1_377' title='bbox 179 3908 318 3973; x_wconf 81' lang='lat' dir='ltr'>discessio,</span> <span class='ocrx_word' id='word_1_378' title='bbox 335 3915 484 3977; x_wconf 86' lang='lat' dir='ltr'>tantumque</span> <span class='ocrx_word' id='word_1_379' title='bbox 496 3925 508 3961; x_wconf 87' lang='lat' dir='ltr'>s</span> <span class='ocrx_word' id='word_1_380' title='bbox 528 3907 581 3962; x_wconf 88' lang='lat' dir='ltr'>atio</span> <span class='ocrx_word' id='word_1_381' title='bbox 592 3925 743 3979; x_wconf 73' lang='lat' dir='ltr'>progressos</span> <span class='ocrx_word' id='word_1_382' title='bbox 753 3915 878 3977; x_wconf 73' lang='lat' dir='ltr'>qnantum</span> <span class='ocrx_word' id='word_1_383' title='bbox 889 3908 922 3962; x_wconf 85' lang='lat' dir='ltr'><strong><em>sd</em></strong></span> <span class='ocrx_word' id='word_1_384' title='bbox 934 3909 959 3960; x_wconf 91' lang='lat' dir='ltr'><strong><em>id</em></strong></span> <span class='ocrx_word' id='word_1_385' title='bbox 970 3909 1034 3962; x_wconf 84' lang='lat' dir='ltr'>sotis</span> <span class='ocrx_word' id='word_1_386' title='bbox 1047 3915 1130 3975; x_wconf 83' lang='lat' dir='ltr'>esset,</span> <span class='ocrx_word' id='word_1_387' title='bbox 1156 3916 1185 3962; x_wconf 90' lang='lat' dir='ltr'>nt</span> <span class='ocrx_word' id='word_1_388' title='bbox 1196 3910 1285 3962; x_wconf 87' lang='lat' dir='ltr'>hoster</span> 
     </span>
     <span class='ocr_line' id='line_1_40' title="bbox 179 3977 1286 4047; baseline 0 -15"><span class='ocrx_word' id='word_1_389' title='bbox 179 3998 213 4032; x_wconf 87' lang='lat' dir='ltr'><strong><em>ne</em></strong></span> <span class='ocrx_word' id='word_1_390' title='bbox 222 3978 333 4031; x_wconf 86' lang='lat' dir='ltr'>interdiu</span> <span class='ocrx_word' id='word_1_391' title='bbox 345 3977 445 4046; x_wconf 87' lang='lat' dir='ltr'>quidam</span> <span class='ocrx_word' id='word_1_392' title='bbox 457 3978 500 4047; x_wconf 87' lang='lat' dir='ltr'>qui</span> <span class='ocrx_word' id='word_1_393' title='bbox 530 3985 651 4045; x_wconf 73' lang='lat' dir='ltr'>ageretur</span> <span class='ocrx_word' id='word_1_394' title='bbox 662 3977 907 4044; x_wconf 76' lang='lat' dir='ltr'>animadverterent,</span> <span class='ocrx_word' id='word_1_395' title='bbox 916 3978 989 4030; x_wconf 85' lang='lat' dir='ltr'>slveo</span> <span class='ocrx_word' id='word_1_396' title='bbox 1001 3979 1140 4032; x_wconf 73' lang='grc' dir='ltr'><strong><em>λνννινίεοτο</em></strong></span> <span class='ocrx_word' id='word_1_397' title='bbox 1150 3977 1286 4032; x_wconf 86' lang='lat' dir='ltr'>Lucilliani</span> 
     </span>
     <span class='ocr_line' id='line_1_41' title="bbox 178 4045 1285 4117; baseline 0 -17"><span class='ocrx_word' id='word_1_398' title='bbox 178 4048 285 4100; x_wconf 88' lang='lat' dir='ltr'>militem</span> <span class='ocrx_word' id='word_1_399' title='bbox 296 4047 447 4117; x_wconf 85' lang='lat' dir='ltr'>quaerebat.</span> <span class='ocrx_word' id='word_1_400' title='bbox 482 4047 544 4114; x_wconf 86' lang='lat'><strong>(17)</strong></span> <span class='ocrx_word' id='word_1_401' title='bbox 557 4045 652 4099; x_wconf 84' lang='lat' dir='ltr'>itinere</span> <span class='ocrx_word' id='word_1_402' title='bbox 664 4047 794 4116; x_wconf 86' lang='lat' dir='ltr'>aliquanto</span> <span class='ocrx_word' id='word_1_403' title='bbox 805 4046 907 4114; x_wconf 83' lang='lat' dir='ltr'>longius</span> <span class='ocrx_word' id='word_1_404' title='bbox 918 4049 996 4110; x_wconf 88' lang='lat' dir='ltr'>lacto,</span> <span class='ocrx_word' id='word_1_405' title='bbox 1006 4063 1063 4099; x_wconf 90' lang='lat' dir='ltr'>cnm</span> <span class='ocrx_word' id='word_1_406' title='bbox 1074 4048 1174 4100; x_wconf 84' lang='lat' dir='ltr'>hostem</span> <span class='ocrx_word' id='word_1_407' title='bbox 1185 4049 1285 4100; x_wconf 91' lang='lat' dir='ltr'>omnino</span> 
     </span>
     <span class='ocr_line' id='line_1_42' title="bbox 178 4114 1286 4186; baseline -0.001 -16"><span class='ocrx_word' id='word_1_408' title='bbox 178 4118 303 4170; x_wconf 87' lang='lat' dir='ltr'>neminem</span> <span class='ocrx_word' id='word_1_409' title='bbox 311 4115 526 4185; x_wconf 81' lang='lat' dir='ltr'>deprehenderet,</span> <span class='ocrx_word' id='word_1_410' title='bbox 538 4115 689 4168; x_wconf 77' lang='lat' dir='ltr'>clamoribus</span> <span class='ocrx_word' id='word_1_411' title='bbox 696 4123 724 4168; x_wconf 86' lang='lat' dir='ltr'>et</span> <span class='ocrx_word' id='word_1_412' title='bbox 731 4115 864 4170; x_wconf 87' lang='lat' dir='ltr'>turbnrnm</span> <span class='ocrx_word' id='word_1_413' title='bbox 872 4114 942 4169; x_wconf 87' lang='lat' dir='ltr'>sonis</span> <span class='ocrx_word' id='word_1_414' title='bbox 951 4115 1087 4186; x_wconf 83' lang='lat' dir='ltr'>populares</span> <span class='ocrx_word' id='word_1_415' title='bbox 1098 4133 1157 4169; x_wconf 90' lang='lat' dir='ltr'>suos</span> <span class='ocrx_word' id='word_1_416' title='bbox 1165 4117 1286 4184; x_wconf 76' lang='lat' dir='ltr'>vocabat,</span> 
     </span>
     <span class='ocr_line' id='line_1_43' title="bbox 181 4182 1286 4256; baseline 0 -18"><span class='ocrx_word' id='word_1_417' title='bbox 181 4192 207 4239; x_wconf 86' lang='lat' dir='ltr'>et</span> <span class='ocrx_word' id='word_1_418' title='bbox 218 4186 251 4238; x_wconf 89' lang='lat' dir='ltr'><strong><em>ad</em></strong></span> <span class='ocrx_word' id='word_1_419' title='bbox 263 4203 292 4238; x_wconf 92' lang='lat' dir='ltr'><strong><em>se</em></strong></span> <span class='ocrx_word' id='word_1_420' title='bbox 303 4185 341 4238; x_wconf 90' lang='lat' dir='ltr'><strong><em>uti</em></strong></span> <span class='ocrx_word' id='word_1_421' title='bbox 352 4185 457 4256; x_wconf 86' lang='lat' dir='ltr'>propius</span> <span class='ocrx_word' id='word_1_422' title='bbox 467 4183 621 4238; x_wconf 71' lang='lat' dir='ltr'>accederent</span> <span class='ocrx_word' id='word_1_423' title='bbox 631 4182 806 4253; x_wconf 65' lang='lat' dir='ltr'>significabats</span> <span class='ocrx_word' id='word_1_424' title='bbox 819 4201 884 4253; x_wconf 90' lang='lat' dir='ltr'>quos</span> <span class='ocrx_word' id='word_1_425' title='bbox 896 4202 927 4236; x_wconf 86' lang='lat' dir='ltr'><strong><em>ex</em></strong></span> <span class='ocrx_word' id='word_1_426' title='bbox 936 4184 1012 4237; x_wconf 82' lang='lat' dir='ltr'>unimi</span> <span class='ocrx_word' id='word_1_427' title='bbox 1021 4185 1148 4238; x_wconf 87' lang='lat' dir='ltr'>sententia</span> <span class='ocrx_word' id='word_1_428' title='bbox 1155 4185 1201 4239; x_wconf 85' lang='lat' dir='ltr'>sibi</span> <span class='ocrx_word' id='word_1_429' title='bbox 1210 4185 1286 4238; x_wconf 85' lang='lat' dir='ltr'>dntos</span> 
     </span>
     <span class='ocr_line' id='line_1_44' title="bbox 180 4253 1287 4322; baseline -0.001 -15"><span class='ocrx_word' id='word_1_430' title='bbox 180 4255 283 4308; x_wconf 76' lang='lat' dir='ltr'>obviem</span> <span class='ocrx_word' id='word_1_431' title='bbox 294 4261 401 4320; x_wconf 84' lang='lat' dir='ltr'>unctus,</span> <span class='ocrx_word' id='word_1_432' title='bbox 423 4269 480 4308; x_wconf 86' lang='lat' dir='ltr'><strong><em>oum</em></strong></span> <span class='ocrx_word' id='word_1_433' title='bbox 493 4253 556 4322; x_wconf 89' lang='lat' dir='ltr'>qnid</span> <span class='ocrx_word' id='word_1_434' title='bbox 567 4253 701 4307; x_wconf 79' lang='lat' dir='ltr'>occidisset</span> <span class='ocrx_word' id='word_1_435' title='bbox 710 4253 866 4307; x_wconf 82' lang='lat' dir='ltr'>coniecturis</span> <span class='ocrx_word' id='word_1_436' title='bbox 877 4253 1032 4306; x_wconf 83' lang='lat' dir='ltr'>Lucillianus</span> <span class='ocrx_word' id='word_1_437' title='bbox 1044 4254 1135 4308; x_wconf 86' lang='lat' dir='ltr'>luisset</span> <span class='ocrx_word' id='word_1_438' title='bbox 1146 4263 1287 4319; x_wconf 80' lang='lat' dir='ltr'>essecutus,</span> 
     </span>
     <span class='ocr_line' id='line_1_45' title="bbox 180 4322 1287 4404; baseline 0.003 -29"><span class='ocrx_word' id='word_1_439' title='bbox 180 4323 273 4378; x_wconf 89' lang='lat' dir='ltr'>iunctis</span> <span class='ocrx_word' id='word_1_440' title='bbox 285 4323 467 4378; x_wconf 74' lang='lat' dir='ltr'>convictore.</span> <span class='ocrx_word' id='word_1_441' title='bbox 477 4323 558 4396; x_wconf 86' lang='lat' dir='ltr'>copiis</span> <span class='ocrx_word' id='word_1_442' title='bbox 578 4323 667 4378; x_wconf 67' lang='lat' dir='ltr'>hostes</span> <span class='ocrx_word' id='word_1_443' title='bbox 683 4341 702 4380; x_wconf 86' lang='lat' dir='ltr'>a</span> <span class='ocrx_word' id='word_1_444' title='bbox 716 4330 790 4393; x_wconf 76' lang='lat' dir='ltr'>tergo</span> <span class='ocrx_word' id='word_1_445' title='bbox 810 4329 915 4396; x_wconf 69' lang='lat' dir='ltr'>praetor</span> <span class='ocrx_word' id='word_1_446' title='bbox 932 4322 1074 4394; x_wconf 80' lang='lat' dir='ltr'>opinionem</span> <span class='ocrx_word' id='word_1_447' title='bbox 1093 4323 1287 4404; x_wconf 34' lang='lat' dir='ltr'>adoritur-&#39;illi</span> 
     </span>
    </p>
   </div>
   <div class='ocr_carea' id='block_1_8' title="bbox 0 0 1541 4892">
    <p class='ocr_par' dir='ltr' id='par_1_8' title="bbox 0 0 1541 4892">
     <span class='ocr_line' id='line_1_46' title="bbox 0 0 1541 4892; baseline 0 0"><span class='ocrx_word' id='word_1_448' title='bbox 0 0 1541 4892; x_wconf 95' lang='lat' dir='ltr'><strong><em> </em></strong></span> 
     </span>
    </p>
   </div>
  </div>
 </body>
</html>
