3025 4892
252 257 330 333 368
665 259 945 330 REITEMEIERI

250 425 335 489 idern
348 423 430 488 indit
443 444 522 487 anno
535 425 708 510 insequenti
718 426 840 504 Quados
851 428 1003 489 Sarmatas
1016 435 1047 486 et
1058 426 1244 506 Limigantes
1265 427 1359 508 (Am·
1404 415 1413 443 ³

251 519 346 574 rnian.
369 517 406 577 17
430 513 497 592 12).

160 614 164 626 ·
337 619 369 678 p-
390 597 451 673 124
472 617 502 657 v.
520 602 551 664 8.
596 619 638 659 ex
658 598 718 658 hoc
738 599 806 657 loco
824 599 1018 678 scriptorum,
1050 596 1104 678 qui
1124 597 1234 654 Iuliani
1251 594 1358 656 laudes

251 689 386 746 oratione
407 684 506 742 soluta
521 696 551 744 et
564 687 658 765 ligata
678 686 843 744 celebratas
859 685 1052 763 reliquerint,
1076 684 1229 762 aliquanto
1248 682 1359 740 laetio-

250 791 316 830 rem
340 779 436 828 aetate
458 771 512 828 illa
531 771 624 830 fuisse
642 781 822 851 proventum
845 767 988 828 discimus
1008 787 1099 848 quam
1120 768 1212 844 vrdgo
1231 777 1357 824 constat.

250 857 383 916 innotuit
397 856 479 914 enlm
490 877 588 938 neque
598 869 773 938 poetarum,
795 859 822 915 si
834 856 993 914 Callistum
1005 851 1157 933 quendam
1170 870 1188 908 a
1201 852 1322 910 Socrate
1337 855 1357 916 3

250 943 292 1005 21
317 943 477 1020 aequalem
495 955 592 1002 aetate
611 945 728 1002 Iuliano
749 952 871 1020 poetam
895 938 1142 1018 laudatoremque
1161 939 1225 996 eius
1242 935 1358 995 dictum

253 1029 406 1105 excipias,
428 1046 528 1106 neque
551 1027 762 1087 historicorum
781 1047 797 1084 a
814 1027 935 1084 Zosimo
952 1023 1002 1082 lric
1015 1034 1249 1081 memoratorum
1264 1024 1356 1098 ullus,

253 1115 307 1193 qui
324 1112 484 1170 virtutibus
501 1116 612 1172 Iuliani
625 1114 786 1194 praeconio
803 1108 984 1170 exornandis
1000 1129 1123 1190 operam
1138 1107 1264 1166 dederit.

338 1195 378 1254 ι’ί).
395 1217 425 1254 v.
441 1197 492 1260 15.
535 1200 619 1257 locus
632 1203 686 1281 qui
699 1202 732 1255 in
742 1197 882 1255 manibus
897 1206 952 1270 est,
978 1205 1154 1272 argumento
1167 1214 1233 1252 esse
1248 1203 1356 1273 potest,

253 1282 331 1341 sicut
351 1283 411 1338 alia
431 1282 541 1362 quibus
554 1287 620 1363 ipse
634 1303 705 1342 usus
721 1292 767 1342 est
782 1285 891 1361 scripta
908 1283 1063 1355 interiere,
1087 1283 1129 1339 sic
1143 1300 1224 1338 nnnc
1237 1291 1357 1338 exstare

254 1371 365 1445 scripta
387 1386 465 1446 quae
485 1369 523 1425 ab
541 1390 578 1428 eo
599 1371 735 1448 ignorata
750 1379 837 1442 sunt,
859 1369 929 1425 licet
943 1387 1047 1426 comm
1060 1367 1199 1424 notitiam
1213 1363 1253 1423 ad
1267 1367 1357 1423 Zosi-

253 1471 340 1512 mum
354 1453 486 1530 perferre
503 1463 533 1511 et
552 1464 634 1514 aetas
650 1465 680 1512 et
695 1463 906 1532 argumentum
920 1455 1081 1531 potuisset,
1104 1453 1199 1510 veluti
1215 1449 1356 1509 blstorias

253 1538 408 1596 Ammiani
422 1540 606 1615 Marcellini,
625 1560 703 1620 quae
724 1543 750 1598 si
770 1541 797 1596 ei
817 1550 906 1596 notae
924 1539 1069 1611 fuissent,
1092 1557 1154 1596 nou
1175 1535 1303 1596 dixisset
1321 1557 1354 1594 so

252 1633 444 1680 narraturum
457 1635 487 1682 et
504 1627 589 1705 quasi
602 1629 635 1684 in
649 1627 895 1705 supplementum
907 1621 1080 1682 additurum
1096 1643 1160 1682 esse
1174 1643 1209 1680 aa
1224 1641 1301 1701 quae
1316 1623 1354 1678 ab

209 1737 217 1749 ·
254 1710 323 1766 aliis
344 1711 454 1768 omissa
473 1712 549 1786 sint,
572 1715 598 1771 si
618 1710 743 1792 quidem
756 1713 935 1769 Ammianus
950 1711 1052 1767 omnia
1067 1727 1084 1764 a
1098 1711 1220 1767 Zosimo
1236 1717 1355 1765 narrata

253 1813 316 1852 non
332 1792 423 1853 modo
443 1797 562 1875 attingit
579 1796 634 1856 sed
652 1801 745 1855 etiam
758 1797 849 1874 longe
866 1797 1014 1873 copiosius
1031 1797 1166 1872 exponit.
1210 1794 1355 1874 quoniam

252 1882 392 1938 Zosimus
414 1883 624 1942 exactissimus
642 1885 739 1942 estin
759 1879 940 1961 exponenda
955 1878 1147 1959 expeditione
1161 1882 1299 1952 Persica,
1320 1881 1354 1935 in

250 1967 290 2022 iis
312 1984 389 2044 quae
412 1968 449 2024 ab
471 1968 538 2026 aliis
558 1971 669 2028 omissa
689 1988 755 2026 esse
775 1969 891 2046 putavit
911 1969 1026 2024 censeri
1047 1965 1084 2022 ab
1104 1984 1141 2023 eo
1155 1963 1274 2022 videtur
1286 1965 1355 2022 bel-

252 2050 318 2106 lum
339 2052 509 2128 Persicum,
531 2056 576 2111 nti
592 2065 682 2113 atres
697 2055 731 2111 in
746 2054 846 2111 Gallia
864 2061 965 2131 gestae
982 2062 1102 2131 atquae
1120 2051 1207 2129 cpoli
1219 2053 1355 2109 instituta

250 2134 384 2192 fuerunt.

335 2239 367 2298 p.
386 2221 445 2295 125
457 2241 487 2279 r.
499 2217 531 2284 4.
574 2219 658 2280 idem
668 2223 804 2282 lulianus
817 2220 908 2281 habet
922 2242 970 2302 ep.
987 2219 1026 2280 ad
1039 2217 1150 2280 Athen.
1164 2219 1355 2302 τριακοσίους

252 2299 400 2383 ἐξήκοντα
421 2329 473 2386 μοι
490 2302 565 2380 dode
585 2305 767 2386 στρατιώτας
787 2309 830 2382 είς
850 2305 883 2370 τὸ
904 2311 967 2369 τῶν
989 2311 1111 2369 Κελτῶν
1133 2305 1225 2376 ἔθνος
1244 2299 1354 2366 α’νατε-

250 2387 422 2470 τραμμένον
442 2391 559 2454 ἔστειλε.
601 2394 746 2453 Libanius
769 2395 870 2452 minus
891 2403 996 2451 exacte
1017 2395 1049 2450 in
1067 2411 1111 2450 or.
1132 2389 1171 2449 ad
1183 2391 1345 2448 lulianum:

251 2471 455 2559 σιίνὸιτλίταις
468 2471 622 2540 ἐλάττοσιν
634 2473 656 2558 ἦ
667 2479 859 2556 τριακοσίοις.
887 2481 918 2536 in
933 2481 1066 2537 oratione
1079 2478 1199 2534 funebri
1213 2487 1354 2534 trecentos

250 2571 369 2619 tantum
380 2563 502 2638 milites,
518 2583 628 2645 eosque
641 2566 756 2622 nullius
769 2567 867 2642 pretii,
880 2567 1027 2622 nominat.
1055 2565 1234 2620 Ammianus
1251 2562 1288 2624 15
1310 2565 1353 2624 22

249 2649 416 2724 generatim
438 2650 582 2708 concitatu
600 2671 702 2729 parvo
729 2661 865 2729 susscepto
888 2651 921 2706 in
941 2649 1072 2708 Galliam
1092 2667 1163 2705 eum
1184 2648 1352 2727 profectum

251 2733 365 2790 scribit.
828 2777 830 2784 .

336 2817 378 2875 ib.
393 2837 423 2876 r.
440 2823 489 2883 13.
530 2821 691 2900 sexaginta
702 2817 790 2877 milia
803 2819 982 2892 occisorum,
1003 2819 1062 2877 nisi
1077 2819 1185 2876 vitiosa
1197 2817 1286 2875 lectio
1302 2818 1350 2891 sit,

250 2922 374 2961 omnem
397 2915 538 2981 superant
564 2905 672 2979 fidem,
703 2924 805 2986 neque
829 2909 987 2983 scriptores
1010 2923 1145 2963 summae
1168 2905 1350 2962 auctoritatis

250 2989 320 3065 plus
334 3007 425 3067 quarn
436 3007 492 3047 sex
504 2991 589 3048 milia
601 2982 757 3049 caesorum
769 2999 938 3048 numerant.
981 2991 1159 3048 Ammianus
1173 2990 1213 3050 16
1236 2986 1293 3051 84:
1316 3008 1350 3045 ex

250 3073 436 3130 Annianus
458 3093 514 3132 sex
535 3077 621 3133 milia
646 3097 803 3153 corporum
824 3086 984 3134 nanterum
1001 3086 1072 3132 orant
1092 3077 1125 3132 ιἰτ
1147 3095 1253 3150 campo
1279 3095 1350 3131 con-

250 3167 360 3229 strato,
382 3169 412 3216 et
424 3160 568 3220 Libanius
580 3164 718 3240 proxime
733 3159 773 3219 ad
785 3161 916 3220 eundem
932 3159 1077 3219 accedens
1088 3179 1265 3232 numerum,
1288 3158 1350 3221 ίνε·

249 3239 415 3307 καλύκτετο
433 3240 488 3320 μίν
501 3241 536 3306 td
553 3247 660 3308 πεδίον
678 3240 800 3321 ὀκτάκις
820 3249 926 3326 χιλίοις
947 3251 1075 3326 νεκροῖς.
1118 3247 1142 3303 ii
1163 3247 1216 3325 qui
1236 3245 1350 3302 Zosimi

250 3331 372 3386 omnino
400 3327 492 3387 fidem
515 3341 545 3388 et
571 3335 780 3390 auctoritatem
802 3334 978 3407 sollicitant,
1008 3335 1041 3388 in
1064 3329 1169 3388 fraude
1188 3321 1350 3387 manifesta

250 3433 321 3470 eum
340 3411 390 3470 hic
409 3412 630 3491 deprehensum
651 3428 773 3496 putant,
802 3429 832 3475 et
861 3413 1018 3498 μυριάδων
1043 3418 1153 3475 mutari
1179 3413 1349 3494 probibent,

249 3501 392 3576 quoniam
419 3501 559 3559 Zosimus
586 3503 759 3561 levissimae
784 3506 966 3562 auctoritatis
994 3505 1119 3581 scriptor
1138 3513 1206 3559 tum
1225 3520 1350 3579 compa·

249 3581 342 3641 raudo
364 3583 474 3641 Iuliani
492 3595 522 3643 et
541 3587 711 3645 Alexandri
735 3591 910 3663 victoriam,
939 3599 1005 3646 tum
1036 3585 1205 3645 adiiciendo
1227 3588 1349 3644 voculas

248 3664 376 3746 ἄπειρον
401 3673 539 3748 πλῆθος,
567 3675 639 3732 satis
666 3675 760 3731 anbni
780 3677 937 3733 consilium
954 3670 1127 3746 nudaverit,
1156 3683 1187 3729 et
1206 3670 1349 3730 laudibus

247 3751 360 3813 ethnici
380 3755 568 3832 imperatoris
589 3779 679 3837 supra
698 3779 821 3818 omnem
841 3757 965 3817 modum
982 3756 1167 3818 celebrandis
1181 3777 1247 3816 sese
1260 3755 1350 3815 addi-

245 3843 336 3898 xerit.
381 3837 489 3898 horum
505 3854 749 3921 argumentorum
765 3847 828 3903 vim
844 3863 951 3902 vanam
966 3865 1031 3904 esse
1046 3842 1233 3919 videbimus,
1257 3842 1350 3901 dum-

245 3925 338 3984 modo
359 3924 574 3986 adverterimus
587 3949 648 3987 non
659 3933 692 3986 in
709 3949 836 3988 numero
852 3949 1006 3988 caesorum
1020 3928 1074 3990 sed
1090 3933 1123 3988 iu
1140 3945 1175 3987 eo
1190 3947 1350 4008 compara-

246 4013 338 4069 tionis
354 4014 431 4070 verti
443 4010 613 4088 cardinem,
633 4014 716 4093 qnod
730 4018 808 4074 sicut
820 4015 1009 4091 Alexander,
1030 4019 1073 4074 ita
1087 4015 1231 4090 Iulianus,
1253 4033 1348 4093 perro

247 4099 383 4154 exercitu
398 4100 553 4175 ingentem
570 4096 704 4157 hostium
717 4099 944 4160 multitudinem
956 4105 1071 4160 vicerit.
1115 4102 1271 4160 subiunxit
1283 4103 1348 4156 Zo-

246 4182 342 4239 simus
355 4182 428 4258 fuga
446 4193 475 4240 et
489 4183 612 4242 flmnine
626 4187 748 4244 totalem
764 4205 855 4268 quam
870 4189 983 4267 proelio
998 4189 1140 4267 periisse3
1163 4186 1239 4245 adeo
1253 4197 1286 4244 ut
1298 4186 1347 4244 bis

246 4267 404 4344 sexaginta
419 4269 504 4326 milia
518 4269 556 4328 ab
568 4289 606 4329 eo
619 4267 756 4332 dicantur
766 4273 932 4334 interfecta.
976 4291 1054 4356 quae
1073 4274 1195 4334 Zosimc
1215 4272 1349 4332 tribuere
