3025 4892
242 281 313 353 18ss
722 282 873 350 zoslrnl
929 384 933 391 Ι

236 449 452 537 βιισιλεύσειεν,
478 451 608 541 έστησαν
622 456 753 544 τρίποδα
768 456 803 523 τδ
816 456 929 540 μέλλον
944 454 1049 535 αι’·τοῖς
1066 453 1119 525 διά
1130 482 1212 535 τινος
1228 459 1343 543 σημαί-

236 584 327 622 νοντα
350 564 483 642 τελετῆς·
510 567 643 647 φανῆναι
669 562 702 625 δέ
729 562 761 625 ἐν
781 568 828 649 τῷ
849 563 970 648 τρίποδι
983 562 1175 649 γεγραμμένα
1192 568 1278 645 θῆτα
1290 565 1342 641 καί

237 658 336 725 εἶκαὶ
356 653 393 725 ού
418 664 469 727 καὶ
493 664 541 727 ἐπὶ
564 661 683 741 τούτοις
706 664 744 751 τὸὶ
766 666 867 744 δέλτα,
893 672 991 731 ταῦτα
1007 667 1041 730 δέ
1057 668 1218 748 μονονουχὶ
1236 666 1342 753 φωνήν

236 764 365 850 ἀφιέντα
376 768 489 848 δηλοῦν
501 764 543 843 ὡς
560 764 721 855 Θεόδωρος
731 768 786 851 τήν
796 772 955 849 βασιλείαν
967 768 1043 851 μετά
1062 765 1220 834 Οὐάλεντα
1237 768 1341 833 διαδέ-

237 872 329 945 ξεται.
381 866 500 945 τούτοις
521 871 667 956 ἐπαρθείς
685 882 750 947 τοῖς
773 870 900 951 ύθλοις,
923 869 984 936 dud
1001 898 1032 937 τε
1051 879 1107 956 τῆς
1132 871 1210 957 ἀγαν
1229 872 1365 935 ἐπιθυ-5

235 972 309 1053 μιάς
323 968 468 1057 ἀγύρταις
483 980 616 1055 συνεχῶς
631 976 682 1039 καὶ
698 973 803 1061 γόησιν
820 972 1008 1060 ἐντυγχάνων
1022 978 1073 1040 καὶ
1088 980 1157 1062 περὶ
1172 981 1227 1039 τοῦ
1239 1000 1340 1061 πρακ-

235 1074 305 1138 τέον
327 1072 536 1157 κοινούμενος,
561 1084 686 1158 βασιλεῖ
706 1075 893 1165 κατάφωρος
917 1082 1039 1164 γίνεται.
1090 1080 1142 1143 καὶ
1166 1077 1260 1154 αὐτὸς
1283 1078 1340 1160 μέν

236 1176 326 1253 ἀξίαν
346 1178 447 1243 ἐδίδου
471 1186 527 1261 τῆς
552 1178 746 1265 ἐγχειρήσεως
768 1184 873 1265 δίκην,
929 1179 1026 1266 (14)
1052 1183 1209 1264 συνέβαινε
1234 1182 1268 1245 δέ
1290 1183 1339 1245 ἐπὶ

236 1278 401 1367 τούτῳκαὶ
420 1282 530 1369 έτερον.
584 1282 865 1369 Φορτουνατιιινύς,
890 1292 929 1371 τῇ
945 1291 1006 1348 τῶν
1021 1290 1190 1367 βασιλικῶν
1206 1282 1340 1371 ἐφεστὼς

237 1385 381 1465 ταμιείων
398 1387 553 1471 φροντίδι,
572 1392 634 1452 τοῖν
651 1383 708 1473 ὑφ’
729 1385 839 1455 ἐαυτὸν
854 1389 1100 1474 στρατευομένων
1115 1388 1183 1453 τινὰ
1201 1390 1339 1473 γοητειόις
1346 1404 1383 1457 10

239 1486 362 1573 γραφὴν
375 1484 525 1573 φεύγοντα
539 1492 649 1575 κρίνων
661 1487 812 1573 ὑπέβαλεν
832 1494 1002 1573 αδκισμοῖς·
1026 1497 1083 1557 τοῦ
1098 1492 1132 1555 δέ
1145 1497 1183 1577 τῇ
1201 1496 1262 1557 τῶν
1275 1497 1338 1571 βα-

239 1587 341 1655 σάνων
371 1587 486 1678 ἀνάγκη
513 1594 563 1657 καί
596 1592 709 1670 ἀλλους
738 1592 978 1676 έξονομάσαντος
1002 1590 1044 1672 ὡς
1066 1594 1338 1674 συνεπισταμένους

198 1682 203 1691 ’
239 1693 332 1781 αύτῷ,
350 1692 387 1757 rei
401 1694 457 1776 μέν
473 1701 528 1777 τῆς
543 1694 706 1773 ἐξετάσεως
717 1700 760 1776 εἷς
776 1696 952 1778 Μόδεοτον,
976 1696 1010 1775 te
1024 1705 1079 1780 τῆς
1095 1697 1191 1779 αύλής
1201 1696 1338 1781 ὕπαρχος

235 1786 284 1878 ήν,
309 1798 487 1885 μετεφέρετο
510 1795 562 1865 οἶα
583 1798 755 1885 προσώπων
777 1802 935 1885 ἀχθέντων
958 1804 1001 1877 είς
1021 1802 1116 1882 μέσον
1136 1807 1174 1887 τῇ
1187 1800 1268 1889 ἀρχῇ
1282 1805 1338 1865 τοῦ

235 1896 416 1977 δικάσαντος
438 1897 585 1988 πρότερον
610 1902 668 1985 οὐχ
688 1900 908 1985 ὑποκειμένων,
932 1900 953 1987 ἡ
975 1904 1008 1968 δέ
1028 1905 1125 1989 κρίσις
1145 1902 1198 1968 διὰ
1214 1901 1335 1966 πάντων
1345 1901 1378 1955 15

234 1999 349 2089 ἐχώρει.
400 2004 477 2089 πρὸς
501 2005 535 2071 δέ
556 2005 649 2091 ὀργήν
673 2004 804 2092 άμετρον
828 2004 844 2070 ὃ
867 2006 1013 2088 βασιλεὺς
1034 2006 1169 2082 ἀναστάς
1193 2003 1337 2083 ὖπύπτως

234 2102 292 2186 είχε
310 2105 386 2192 πρδς
401 2106 538 2185 ἅπαντας
552 2108 625 2185 τούς
639 2109 686 2172 ἐπὶ
702 2111 871 2200 φιλοσοφίᾳ
890 2106 1105 2193 διαβοήτουςή
1121 2108 1221 2185 ἄλλως
1235 2106 1335 2193 λόγοις

233 2208 495 2292 ἐντεθραμμένοος
515 2213 565 2275 καὶ
587 2212 710 2297 προσέτι
733 2219 795 2280 τῶν,
816 2214 849 2277 ἐν
873 2220 912 2301 τῇ
936 2213 1015 2299 αὐλῇ
1037 2213 1213 2295 τιμωμένων
1234 2209 1333 2287 τινάς·

233 2313 284 2375 καί
301 2302 384 2375 οὗτοι
401 2312 460 2398 γὰρ
479 2308 520 2393 ὥς
536 2312 780 2397 ἐπιβουλεύοντες
796 2322 840 2403 τῷ
852 2322 979 2400 βασιλεῖ
986 2318 1253 2403 προσηγγέλλοντο.
1282 2317 1333 2379 καί

197 2489 201 2503 ¹
233 2412 271 2495 δὴ
287 2414 452 2497 ἐπέμποντο
468 2415 662 2501 πανταχόθεν
685 2421 815 2503 οίμωγαὶ
836 2422 887 2486 καὶ
907 2416 1049 2485 ἁπάντων
1068 2419 1168 2497 κοινὸς
1181 2415 1375 2505 ‹idomate-so

232 2508 271 2599 ήν
283 2516 341 2603 γὰρ
357 2515 458 2603 πλήρη
474 2519 513 2583 τὰ
525 2520 581 2601 μὲν
597 2518 792 2609 δεσμωτήρια
806 2529 868 2588 τῶν
883 2520 985 2607 μάτην
1001 2520 1163 2587 οἰκούντων
1176 2519 1265 2599 αὐτά,
1280 2520 1331 2585 διά

234 2620 268 2687 δὲ
287 2625 347 2684 τῶν
370 2617 450 2685 ὁδῶν
469 2624 592 2711 ἐφέρετο
612 2622 718 2708 πλήθη
734 2628 857 2691 πλείονα
875 2633 936 2690 τῶν
954 2629 986 2691 έν
1005 2635 1071 2701 ταῖς
1082 2622 1185 2689 πόλεσι
1203 2628 1331 2689 καταλε-

235 2724 411 2807 λειμμένων.
461 2724 493 2791 ni
515 2726 619 2804 δὲτὰς
635 2726 776 2815 φυλακὰς
793 2735 854 2795 τῶν
869 2726 970 2812 μάτην
985 2728 1138 2813 ἀγομένων
1152 2729 1330 2814 έπετετραμι

207 2954 211 2963 ·
302 2931 454 3005 δάφιέναι
468 2937 609 3009 δηλοῦντα
623 2934 662 3005 oie
678 2941 709 2996 Ρ.
813 2942 848 2997 17
864 2934 967 3005 ἄλλους
982 2940 1038 2997 LP.

232 3128 370 3197 perelnrus
383 3130 460 3193 esset,
476 3128 604 3198 tripodem
616 3129 755 3197 statuisse,
772 3130 816 3198 qui
834 3130 885 3183 ritu
900 3131 1009 3199 quodam
1020 3146 1113 3183 arcano
1124 3128 1282 3199 signiticaret
1292 3126 1331 3180 eis

233 3196 301 3263 quod
314 3198 425 3249 futurum
436 3204 513 3251 esset.
560 3198 585 3250 in
597 3198 699 3268 tripode
710 3200 819 3269 scriptas
829 3200 928 3252 litteras
942 3200 968 3252 Θ
979 3209 1005 3252 et
1017 3202 1042 3253 E
1054 3212 1081 3252 et
1092 3202 1118 3252 0
1128 3209 1155 3252 et
1168 3206 1270 3267 praeter
1283 3199 1329 3248 has

231 3270 258 3316 A
269 3266 434 3333 apperuisse;
453 3282 519 3333 (puae
536 3266 638 3335 quidem
655 3268 729 3320 mode
741 3286 792 3320 non
804 3285 895 3320 vocem
906 3269 1075 3337 exprimentes
1085 3269 1198 3320 indicent
1207 3265 1329 3319 Theodo-

230 3350 286 3384 rum
307 3334 333 3386 in
352 3334 457 3401 imperio
472 3334 572 3389 Valenti
590 3351 773 3388 successurum.
809 3337 849 3388 luis
862 3338 906 3389 ille
916 3338 989 3405 nugis
1000 3338 1089 3402 elatus,
1107 3336 1167 3388 dum
1183 3352 1246 3405 pree
1256 3335 1329 3403 cupi·

230 3402 313 3453 ‹litstc
330 3402 406 3453 nirnia
424 3402 589 3455 circulatores
607 3412 633 3455 et
651 3404 780 3459 maleficos
793 3407 942 3475 frequenter
952 3407 1005 3458 edit
1016 3412 1043 3458 at
1054 3424 1109 3457 cum
1121 3406 1158 3457 eis
1169 3404 1236 3473 quod
1249 3420 1329 3471 agen-

230 3470 289 3520 dum
311 3478 368 3521 arat
385 3471 563 3537 communicet,
589 3473 736 3540 imperatori
759 3475 874 3544 proditur
894 3483 921 3527 et
940 3476 1030 3542 dignas
1049 3484 1139 3527 oonstu
1157 3488 1251 3543 poenas
1270 3472 1327 3525 luit.

232 3538 308 3606 (14)
327 3540 464 3590 seeundum
481 3540 529 3591 hoc
548 3546 574 3592 et
589 3541 655 3593 aliud
676 3544 778 3595 accidit.
813 3545 1026 3610 Fortunatianus,
1043 3561 1127 3597 comes
1145 3543 1183 3595 rei
1200 3542 1327 3610 privatae,

230 3608 354 3675 quendam
373 3626 406 3659 ex
426 3608 592 3661 militantibus
604 3612 650 3663 sub
663 3629 691 3663 se
705 3613 822 3665 veneficii
839 3629 923 3675 reum,
942 3614 975 3664 de
992 3630 1069 3665 cuusa
1086 3628 1253 3679 cognoscens,
1266 3628 1327 3663 ver-

229 3676 332 3729 beribus
351 3676 458 3731 subiicit.
495 3694 550 3729 cum
561 3678 606 3731 illo
624 3682 756 3735 tormentis
777 3689 882 3733 coactus
904 3688 932 3734 et
950 3682 1012 3734 alios
1030 3682 1172 3733 nominatim
1191 3680 1329 3733 indicasset

229 3754 349 3813 tanquam
369 3746 416 3797 sibi
435 3746 567 3812 conscios,
593 3764 686 3801 causae
704 3751 805 3818 quidem
823 3750 935 3817 cognitio
955 3752 988 3803 ad
1007 3751 1152 3805 lllodestum
1170 3750 1328 3819 praelectum

229 3814 353 3899 praetorii
366 3817 527 3883 transfertur,
545 3818 613 3899 quod
623 3818 648 3870 in
660 3820 770 3873 medium
784 3836 908 3888 personae
924 3820 1063 3888 productae
1075 3820 1190 3882 luissent,
1205 3820 1249 3887 qui
1259 3818 1326 3869 illius

229 3884 333 3952 nnpcrio
351 3884 393 3952 qui
407 3884 476 3953 prius
489 3885 528 3936 ius
540 3886 638 3938 duxerat
649 3904 698 3938 non
712 3890 850 3952 suberant3
866 3888 983 3941 iudicium
998 3889 1098 3941 veroin
1110 3889 1327 3940 universoserer-

230 3960 311 4017 cetur,
329 3959 354 4004 et
365 3954 484 4023 princeps
498 3954 530 4005 sd
542 3954 603 4007 irum
616 3956 771 4009 immodicam
784 3958 926 4010 concitatus
944 3975 1029 4010 omnes
1042 3957 1215 4027 philosophiae
1229 3956 1326 4007 nomina

232 4022 344 4073 celebres
358 4022 400 4073 vel
419 4022 483 4075 sliss
499 4024 615 4076 excultos
630 4025 723 4077 littoris
741 4034 768 4079 et
784 4033 919 4095 praetereo
937 4028 1056 4096 quosdam
1073 4028 1211 4078 honoratos
1225 4024 1252 4077 in
1267 4023 1328 4076 auls

231 4100 364 4159 suspectos
379 4091 471 4145 habet:
490 4110 547 4145 num
565 4100 591 4145 et
604 4092 641 4145 illi
654 4094 726 4146 velut
738 4095 898 4150 insidiatores
909 4096 1016 4164 principi
1030 4096 1218 4148 deserebantur.
1252 4093 1327 4144 undi-

221 4174 283 4227 ·qne
300 4159 414 4226 ploratus
436 4168 463 4213 ct
479 4160 625 4213 lamentdtio
645 4161 783 4215 communis
799 4164 914 4216 omnlbu's
932 4164 1062 4217 emittitur.
1097 4169 1170 4215 erant
1181 4162 1246 4213 euim
1258 4159 1326 4243 pleni

233 4244 350 4279 carceres
361 4228 459 4281 illorum
472 4231 514 4297 qrri
527 4232 630 4297 plneter
640 4232 753 4284 meritum
772 4233 797 4285 in
815 4232 851 4284 eis
863 4233 1005 4301 degebant3
1023 4241 1049 4284 et
1059 4249 1106 4303 per
1115 4233 1209 4283 itinere
1219 4246 1326 4281 maiores

226 4294 358 4373 'hominum
375 4298 464 4369 copies
481 4300 649 4353 trohebsutur
663 4318 739 4371 quum
754 4301 780 4354 in
793 4301 896 4374 oppidis
907 4310 993 4356 esseut
1002 4301 1114 4355 relictos.
1149 4302 1268 4353 cohortes
1279 4316 1326 4352 ou-
